3458 6292
197 479 269 549 174
761 498 944 550 consensu:

192 672 439 749 praecedentibus
466 671 561 730 titulis
589 671 755 749 colligitur,
783 670 962 731 Castricium
990 680 1020 730 et
1046 670 1214 748 Spuricium
1242 673 1452 747 Pompeianos
1481 682 1531 729 aut

194 774 294 849 aliquo
310 773 408 832 officio
424 774 471 832 vol
487 793 576 850 opere
598 774 716 831 iunctos
739 791 816 846 esse,
840 783 890 832 aut
912 774 1061 832 officinam
1077 773 1122 832 vel
1142 774 1286 832 fabricam
1302 775 1349 831 vel
1371 775 1529 833 tabernam

196 876 442 953 qualemcumque
463 876 603 935 habuisse
625 877 656 933 in
679 875 814 948 aedibus,
835 876 885 935 ubi
908 876 1055 935 babitaret
1070 874 1177 935 Vibius
1199 873 1319 936 Sehius.

197 1250 253 1310 33.
297 1250 335 1309 In
356 1251 496 1308 columna
516 1251 651 1328 porticus
678 1248 735 1307 lori
760 1267 839 1309 nona
865 1249 900 1326 (a
921 1249 1060 1327 basilica)
1087 1250 1201 1310 ordinis
1224 1250 1435 1309 meridionalis
1459 1252 1532 1309 inte·

235 1353 324 1412 rioris
345 1355 436 1413 rubro
458 1353 560 1412 colore
581 1355 612 1412 in
633 1352 696 1412 tofo
717 1354 816 1430 pictus
838 1360 884 1411 est
905 1352 1022 1411 titulus:

747 1487 959 1562 vaamunim

744 1611 957 1671 Vamoniorum
981 1609 1021 1686 (l)

195 1751 239 1809 ita
260 1760 293 1808 ut
315 1749 450 1827 singulae
472 1749 591 1808 litterae
613 1749 677 1808 eius
699 1751 731 1807 in
753 1749 881 1826 singulis
903 1748 984 1808 striis
1008 1747 1148 1808 dimidiae
1173 1749 1267 1825 partis
1289 1749 1448 1809 columnae
1472 1750 1534 1808 dis·

196 1853 313 1930 positae
336 1852 404 1910 sint.
447 1851 484 1909 In
507 1851 604 1909 altera
627 1851 749 1910 dimidia
773 1860 858 1928 parte
884 1851 948 1911 eins
970 1852 1125 1910 columnae
1151 1851 1256 1910 eadem
1276 1854 1396 1912 ratione
1418 1853 1533 1931 pictum

196 1965 243 2014 est
264 1954 406 2012 Latinum
429 1953 606 2012 vocabulum
634 1954 740 2024 Victor,
768 1954 811 2012 ita
835 1953 968 2012 uthuins
991 1953 1093 2011 littera
1112 1970 1134 2011 v
1156 1954 1186 2011 in
1207 1954 1309 2012 eadem
1333 1955 1410 2013 stria
1431 1956 1535 2031 posita

197 2059 237 2117 sit
259 2077 294 2116 ac
314 2056 415 2115 littera
436 2056 534 2133 prima
553 2073 566 2113 n
590 2056 728 2114 vocabuli
749 2056 831 2115 illins
853 2054 935 2128 Osci,
958 2055 1091 2125 Fiorelli,
1116 2054 1218 2114 Glorn.
1239 2057 1267 2115 d.
1284 2076 1362 2115 aeno.
1380 2059 1409 2115 d.
1426 2057 1530 2133 Pomp.

203 2160 265 2219 Vol.
281 2161 308 2217 Ι.
331 2159 423 2229 1850,
441 2178 475 2234 p.
492 2158 539 2228 X,·
561 2161 598 2234 cs.
617 2179 650 2234 p.
669 2158 726 2214 XI.
763 2157 844 2216 Mon.
866 2162 957 2234 epipr.
973 2156 1075 2233 Pomp.
1099 2158 1155 2216 tab.
1173 2158 1214 2228 X,
1229 2161 1256 2230 1,
1273 2178 1304 2235 p.
1321 2161 1365 2230 11,
1391 2159 1472 2219 unde
1497 2159 1532 2219 G.

199 2262 350 2332 Garracci,
375 2262 469 2337 Τυροῖ.
487 2260 604 2320 Curnan.
628 2278 678 2317 con
700 2278 802 2336 rappr.
816 2260 930 2335 prnffia
952 2259 1025 2335 leqp.
1043 2258 1108 2318 Oac.
1128 2279 1161 2336 p.
1178 2263 1256 2337 deq.
1289 2262 1433 2333 Fabretti,
1458 2264 1492 2322 C.
1506 2262 1533 2321 Ι.

196 2365 266 2423 Ital.
282 2373 300 2421 t.
315 2363 390 2435 LII,
408 2362 502 2433 2803,
525 2363 574 2421 ubi
596 2380 651 2438 pro
671 2362 766 2421 Victor
782 2362 927 2437 scriptum
948 2372 996 2421 est
1015 2365 1146 2436 victorin,
1170 2365 1207 2437 cs.
1222 2363 1362 2434 Enderia,
1384 2364 1534 2423 Formenl.

197 2468 225 2525 d.
244 2465 312 2525 Oslc.
330 2463 398 2540 Spr.
421 2485 449 2522 n.
468 2463 644 2534 XXXVII,
670 2463 708 2534 6';
731 2496 773 2506 -—
795 2463 1019 2539 Zanpemeister‚
1049 2464 1141 2522 Inscr.
1161 2484 1230 2540 par.
1249 2465 1348 2543 Pomp.
1371 2466 1404 2526 C.
1421 2466 1449 2523 Ι.
1466 2466 1534 2525 Lat.

196 2569 219 2626 Ι
224 2568 256 2639 V,
271 2569 290 2627 6
294 2569 344 2637 74,
360 2575 416 2624 not.
434 2597 474 2608 -
490 2564 616 2624 Fiorelli
631 2567 720 2624 etiam
736 2566 768 2624 in
783 2565 843 2624 alia
857 2565 996 2625 columna
1017 2566 1152 2625 eiusdem
1174 2568 1309 2645 porticus
1329 2568 1403 2647 legit
1422 2578 1535 2628 utram·

123 2708 125 2713 «
198 2689 257 2746 qne
280 2688 382 2728 vocem
403 2672 566 2727 eauntunim
588 2677 618 2727 et
636 2668 732 2727 Victor
753 2667 871 2743 (Glorn.
894 2670 913 2727 l.
930 2688 953 2726 c.
972 2690 1004 2746 p.
1021 2668 1081 2746 X).
1115 2666 1229 2728 Contra
1242 2669 1473 2748 Zangemeister
1487 2690 1535 2729 ro

198 2771 337 2830 cabnlum
366 2770 463 2830 Victor
486 2771 577 2829 semel
598 2777 714 2829 tantum
736 2771 849 2847 pictum
870 2771 992 2844 invenit,
1015 2779 1047 2829 at
1067 2775 1230 2830 neamenim
1252 2768 1384 2831 affirmat
1407 2774 1536 2851 „repeti-

201 2884 263 2932 tum
286 2873 317 2931 in
338 2881 479 2949 quattuor
501 2873 646 2931 columnis
667 2874 845 2951 propinquis
868 2873 913 2950 (in
936 2886 1032 2945 sexta,
1055 2873 1105 2932 ubi
1128 2891 1183 2949 pro
1197 2890 1219 2932 v
1234 2873 1366 2933 fumasse
1387 2885 1494 2934 exstat
1506 2895 1536 2947 ν,

200 2978 230 3035 in
252 2986 374 3047 octava,
402 2976 430 3031 in
454 2974 590 3051 angulari
618 2974 751 3033 eiusdem
779 2984 809 3032 et
834 2976 989 3034 orientalis
1012 2975 1125 3035 ordinis
1151 2984 1182 3034 et
1202 2976 1233 3034 in
1255 2977 1398 3052 proxima
1420 2980 1462 3039 ab
1484 2979 1538 3039 hac

198 3077 351 3137 meridiem
362 3094 469 3136 versus
487 3076 599 3134 ordinis
616 3077 797 3153 orientalis),
810 3078 863 3136 sed
875 3096 913 3136 ex
928 3086 1011 3154 parte
1027 3078 1415 3163 tantummodqservatum.
1445 3079 1538 3141 “Cum

205 3181 377 3240 Vaamunim
418 3181 458 3237 sit
493 3179 642 3254 genitivus
689 3179 764 3255 plur.
807 3180 940 3247 eiusdem
981 3180 1095 3239 formae
1141 3188 1197 3263 nt,
1218 3181 1344 3257 Upaim‚·
1378 3182 1539 3255 Aiaernim,

200 3283 330 3359 Safiniani,
352 3282 450 3353 allaim,
466 3299 591 3356 cunique
605 3282 731 3358 genitivi
746 3281 821 3356 plur.
838 3282 989 3346 nominum
1005 3282 1162 3360 gentilium
1179 3282 1290 3359 tpaim,
1310 3282 1449 3359 Vidium,
1465 3284 1539 3344 Kla-

200 3389 319 3445 aatiium
340 3385 370 3442 in
393 3384 487 3442 titulis
503 3381 666 3460 Campanis
688 3383 821 3442 indicent
841 3384 978 3443 homines
1001 3385 1173 3460 complures
1194 3384 1328 3443 eiusdem
1350 3386 1466 3462 gentis,
1487 3389 1541 3464 qui

200 3487 279 3546 dona
319 3486 383 3545 deis
421 3485 566 3545 dederunt
604 3485 652 3544 vel
693 3493 857 3561 posuerunt
899 3485 939 3562 (a.
969 3485 1041 3563 19.),
1077 3493 1308 3546 consentaneum
1351 3496 1418 3562 est,
1451 3491 1542 3549 etiam

206 3591 376 3650 Vaarnnnim
398 3607 466 3648 esse
489 3589 653 3668 genitivum
679 3587 756 3666 plur.
784 3588 913 3646 nominis
935 3587 1071 3665 gentilis,
1098 3606 1159 3665 quo
1181 3588 1377 3666 significetur,
1401 3591 1543 3653 homines

200 3694 288 3752 huius
310 3692 409 3771 gentis
431 3701 483 3750 aut
503 3692 585 3767 ipsas
601 3690 755 3749 columnas
777 3688 930 3786 chiendas
952 3690 999 3748 vel
1021 3690 1195 3750 reficiendas
1217 3707 1350 3763 curasse,
1371 3692 1408 3752 in
1430 3696 1546 3771 quibua

200 3813 309 3853 nomen
332 3795 476 3870 scriptum
500 3793 630 3870 legatur,
657 3801 708 3850 ant
734 3793 814 3851 dona
842 3793 1072 3869 qualiacumque
1097 3793 1233 3867 dedisse,
1262 3794 1386 3870 quibua
1405 3797 1546 3872 porticus

200 3898 258 3955 fori
285 3896 462 3973 Pompeiani
492 3904 697 3954 exornaretur.
742 3893 803 3955 Sed
829 3895 982 3953 fatendum
1009 3904 1070 3966 est,
1100 3914 1209 3954 nomen
1245 3896 1420 3957 Vaamanim
1447 3919 1546 3978 neque

201 4001 232 4058 in
253 3999 321 4058 aliis
343 3998 437 4057 titulis
460 3995 550 4056 Oscis
573 3997 643 4073 legi,
666 4014 762 4073 neque
786 3998 816 4056 in
837 3996 941 4075 lingua
961 3996 1073 4056 Latina
1093 3997 1228 4057 inveniri.

203 4351 260 4412 34.
308 4352 469 4429 Inscriptio
501 4351 592 4409 rubro
619 4351 719 4409 colore
751 4351 832 4427 picta
861 4352 893 4410 in
918 4352 983 4411 tolo
1012 4352 1130 4412 aedium
1158 4354 1262 4413 strada
1287 4354 1370 4414 detta
1402 4358 1548 4431 Fortuna,

244 4475 273 4513 n.
295 4453 332 4513 3:

549 4601 681 4710 m]a[r]p
708 4588 778 4707 silli
998 4602 1085 4661 blara
1111 4599 1226 4663 Sillius.

287 4813 480 4877 Delineatam
507 4818 589 4875 misit
617 4818 654 4877 It.
678 4816 823 4877 Schoene.
868 4814 1012 4894 Supplevi
1039 4835 1221 4894 praenomen
1249 4818 1345 4879 Mara
1378 4822 1548 4885 mennam

205 4922 326 5001 Μαρας
352 4928 382 4976 et
408 4927 509 4977 notam
538 4920 602 4977 eius
624 4920 682 4976 Mr.
706 4919 867 4994 (alomna,
896 4918 961 4977 Unt.
980 4919 1065 4977 Dial.
1085 4938 1116 4995 p.
1135 4918 1226 4995 241),
1252 4934 1440 4999 comparata
1463 4924 1550 4987 'Onu

205 5019 381 5078 nominativi
405 5021 501 5079 forma
523 5020 630 5079 Arkiic
651 5040 706 5097 pro
729 5019 847 5080 Graeca
866 5014 1015 5103 Ἀρχίας
1035 5021 1087 5098 (cs.
1111 5024 1180 5097 infr.
1203 5040 1234 5081 a.
1256 5022 1322 5101 40).
