3458 6292
322 482 395 553 260
616 501 921 554 onsnavarronus
948 501 1228 552 nrrcnarnronn
1256 502 1348 551 nvn.

333 606 729 614 .-mm-“-

320 685 390 734 natu
414 676 555 735 maiorem
576 676 750 734 Polemonis
772 685 802 735 et
823 675 1058 754 Pythodoridis‚
1081 675 1293 752 Tryphaenam
1317 683 1416 732 autem
1439 674 1503 731 eius
1526 691 1654 731 uxorem

322 788 476 853 praeterea
497 779 630 856 ignotam
653 779 750 837 adhuc
771 778 906 854 plerique
929 785 1110 847 statuerunt;
1138 796 1235 854 neque
1262 778 1348 835 aliter
1369 777 1460 835 statui
1487 777 1598 851 potuit,
1627 777 1655 833 si

251 861 257 873 .
321 880 442 954 quidem
464 879 525 937 Dio
547 881 615 938 loeo
636 883 727 938 citato
750 901 810 939 non
831 881 950 939 erravit.
994 882 1038 939 At
1063 879 1235 956 opinionem
1257 879 1346 958 vulgo
1372 887 1522 955 receptam
1547 877 1657 937 evertit

321 982 528 1058 Waddington
550 1003 585 1041 eo
609 983 689 1058 quod
711 984 882 1042 observavit
904 982 1098 1042 Polemonem
1121 1001 1198 1055 eum,
1221 982 1273 1059 qui
1295 999 1322 1038 a.
1341 981 1379 1040 38
1402 1001 1455 1038 rex
1476 979 1572 1039 sactus
1596 988 1655 1051 est,

320 1085 351 1142 in
372 1085 503 1142 nummis
526 1085 595 1143 anni
618 1085 696 1143 tertii
712 1085 828 1143 vultum
849 1104 922 1162 prae
942 1103 975 1143 se
989 1086 1068 1145 ferre
1089 1085 1173 1161 pueri
1192 1103 1337 1142 annorum
1353 1083 1416 1143 fers
1430 1083 1599 1159 quindecim
1614 1083 1655 1157 ¹),

320 1204 386 1243 cum
417 1185 630 1262 Pythodoridis
664 1186 742 1245 filius
779 1196 851 1245 natu
883 1189 978 1246 maior
1007 1206 1043 1247 eo
1069 1199 1203 1264 tempore
1229 1204 1325 1244 annos
1361 1203 1421 1243 non
1447 1186 1580 1260 potuerit
1602 1185 1655 1241 ha·

320 1288 390 1347 bere
412 1290 510 1346 miuus
532 1289 757 1367 quinquaginta.
801 1289 967 1367 Propterea
988 1308 1044 1366 ego
1056 1288 1086 1367 ²)
1108 1290 1310 1349 coniecturam
1333 1289 1478 1364 proposui
1499 1286 1654 1363 Pythodo-

320 1391 377 1449 ridi
400 1391 584 1449 successisse
605 1411 666 1450 nou
688 1392 798 1463 filium,
829 1393 883 1451 sed
905 1400 1057 1470 nepotem,
1084 1392 1215 1451 Dionem
1243 1399 1342 1449 autem
1368 1409 1468 1449 errore
1496 1400 1655 1466 paternum

320 1510 443 1570 regnum
467 1492 592 1567 dixisse,
615 1494 695 1571 quod
717 1501 798 1553 esset
819 1494 945 1566 aritun13
967 1495 1057 1572 idque
1079 1495 1105 1555 si
1127 1514 1187 1554 non
1203 1512 1315 1566 verum,
1337 1500 1417 1551 certe
1431 1511 1450 1550 a
1466 1511 1536 1550 vero
1559 1511 1655 1568 prope

321 1596 430 1655 abesse
453 1597 512 1655 iam
535 1607 668 1674 apparet.
708 1595 780 1654 Fuit
801 1598 879 1656 enirn
902 1598 1028 1657 Polemo
1050 1598 1127 1656 alter
1148 1616 1217 1656 vere
1240 1593 1454 1672 Pythodoridis
1477 1613 1586 1670 nepos,
1614 1612 1654 1654 ex

320 1697 384 1756 filia
404 1707 517 1768 tamen,
539 1716 599 1756 nou
621 1717 659 1756 ex
681 1698 760 1771 filio,
782 1700 862 1757 filius
886 1710 984 1759 autem
1008 1697 1126 1777 Cotyis.
1169 1698 1248 1758 Nam
1271 1707 1430 1774 postquam
1453 1696 1655 1774 comperimus

320 1800 493 1859 Polemonis
521 1801 608 1859 matri
636 1819 744 1860 nomen
771 1802 866 1861 fuisse
892 1803 1045 1862 Antonias
1067 1803 1281 1879 Tryphaenae,
1314 1801 1511 1878 imperatores
1541 1809 1653 1871 autem,

319 1902 371 1978 qui
394 1904 430 1961 ab
453 1904 585 1961 Antonio
607 1903 722 1962 Illviro
749 1905 894 1981 originem
923 1905 1085 1977 traherent,
1113 1906 1179 1964 eius
1204 1903 1339 1962 mulieris
1367 1904 1553 1981 propinquae
1580 1920 1654 1960 suae

319 2003 391 2062 filiis
418 2022 606 2080 summopere
643 2005 764 2079 lavisse,
802 2006 1016 2084 Tryphaenam
1050 2008 1083 2066 in
1117 2007 1246 2065 nummis
1281 2005 1454 2064 Polemonis
1480 2023 1654 2081 repraesen-

318 2115 412 2165 tatam
438 2108 496 2166 iam
524 2125 610 2165 nemo
636 2110 758 2187 negabit
784 2127 842 2168 non
876 2129 1004 2171 uxorem
1025 2111 1090 2169 eius
1113 2127 1181 2169 esse
1207 2107 1296 2184 (curn
1318 2108 1495 2185 praesertim
1525 2107 1647 2166 aliunde

318 2220 502 2287 compertum
518 2209 559 2268 sit
580 2227 703 2269 uxorem
718 2212 913 2272 Polemonem
935 2214 1061 2272 duxisse
1075 2211 1240 2270 Berenicen
1259 2211 1340 2288 regis
1355 2209 1487 2270 Herodis
1507 2209 1655 2285 filiam³),

319 2313 373 2370 sed
400 2320 538 2383 matrem,
567 2312 637 2370 item
661 2314 708 2371 rel
737 2323 859 2391 propter
886 2316 983 2374 solum
1004 2315 1206 2392 Tryphaenae
1228 2331 1337 2371 nomen
1358 2313 1489 2371 nummis
1517 2313 1582 2371 suis
1605 2313 1653 2370 in-

319 2415 462 2491 scriptum
484 2413 678 2472 Polemonem
701 2413 828 2475 alterurn
850 2418 972 2476 omnino
994 2418 1032 2476 ad
1054 2418 1178 2494 stirpem
1195 2413 1301 2491 Cotyis
1323 2414 1509 2474 referendum
1531 2415 1651 2490 esse⁴).

318 2517 365 2575 Ita
386 2518 442 2577 hoc
464 2535 582 2594 quoque
604 2517 788 2594 intellegitur
803 2519 957 2579 Tiberium
978 2520 1010 2578 in
1027 2519 1118 2577 Ponti
1138 2536 1231 2596 regno
1252 2518 1283 2576 id
1306 2517 1406 2595 ipsum
1428 2517 1545 2588 fecisse,
1569 2518 1652 2594 quod

316 2620 388 2678 fecit
409 2618 438 2678 iu
462 2619 608 2690 Thracia,
636 2621 751 2680 scilicet
771 2620 978 2698 Pythodoride
1003 2632 1054 2681 aut
1079 2631 1197 2680 mortua
1223 2630 1275 2679 aut
1296 2640 1315 2679 a
1334 2637 1427 2698 regno
1453 2629 1569 2678 remota
1589 2640 1652 2679 non

316 2722 420 2781 liberis
443 2722 508 2781 eius
530 2722 560 2781 id
582 2722 713 2796 tradidit,
736 2724 790 2782 sed
812 2725 868 2783 sibi
890 2725 1021 2784 retinuit
1045 2722 1143 2784 Gaius
1165 2734 1264 2782 autem
1287 2742 1353 2781 cum
1376 2723 1524 2799 imperare
1541 2723 1652 2798 coepit,

315 2823 472 2882 deficiente
500 2824 639 2883 videlicet
668 2826 761 2900 stirpe
789 2826 962 2885 Polemonis
990 2827 1070 2885 virili
1100 2826 1269 2902 cognomini
1297 2824 1397 2900 nepoti
1429 2823 1493 2882 eius
1520 2843 1560 2882 ex
1586 2825 1651 2882 iilia
1679 2866 1685 2872 -

315 2927 496 2984 consobrina
541 2927 604 3003 regi
643 2927 791 2986 Thraciae
830 2937 924 3004 nupta
963 2947 1087 3006 regnum
1126 2928 1301 2987 Polemonis
1339 2927 1477 2999 tradidit,
1524 2925 1554 2983 id
1603 2936 1653 2984 est

315 3027 445 3086 Pontum
472 3038 502 3086 et
530 3028 713 3105 Bosporum;
746 3048 872 3106 quorum
898 3030 1083 3108 Bosporum,
1116 3049 1185 3089 eum
1212 3027 1359 3089 Claudius
1390 3047 1517 3105 regnare
1549 3030 1652 3106 eoepit

316 3148 344 3187 a.
367 3148 396 3205 p.
412 3127 484 3187 Chr.
500 3131 551 3202 41,
572 3129 699 3189 Polemo
720 3150 787 3190 cum
814 3130 938 3191 Ciliciae
960 3142 1046 3211 parte
1067 3142 1235 3211 permutare
1255 3139 1376 3190 coactus
1398 3130 1494 3207 est⁵),
1516 3130 1650 3190 Pontum

315 3232 439 3291 retinuit
464 3231 502 3290 ad
524 3252 552 3291 a
574 3252 603 3309 p.
620 3231 691 3292 Chr.
707 3234 756 3307 63,
779 3252 839 3310 quo
861 3233 945 3294 Nero
967 3254 1034 3293 euru
1056 3236 1087 3293 in
1108 3233 1282 3313 provinciae
1303 3233 1429 3292 formam
1450 3232 1615 3310 redegit⁶).

400 3465 458 3534 ll.
500 3459 616 3561 Cotys
644 3481 750 3559 Cotyis
777 3491 806 3541 et
832 3486 984 3542 Antoniae
1010 3483 1209 3561 Tryphaenae
1237 3484 1319 3543 tilius
1351 3484 1458 3543 tertius
1488 3503 1548 3560 quo
1575 3495 1649 3542 tem-

314 3604 388 3661 pore
421 3584 530 3642 iratres
551 3586 697 3643 maiorum
728 3603 822 3662 regna
848 3586 948 3664 adepti
974 3595 1060 3657 sunt,
1097 3596 1128 3644 et
1153 3587 1219 3664 ipse
1243 3600 1320 3645 teste
1346 3588 1466 3646 decreto
1496 3585 1648 3663 Cyziceno

314 3705 439 3763 regnum
461 3686 599 3758 obtinuit,
620 3687 700 3763 quod
716 3690 771 3748 sub
786 3688 950 3748 maioribus
971 3690 1033 3748 suis
1055 3688 1128 3748 olim
1150 3688 1259 3748 fuisset
1279 3687 1321 3764 (p.
1335 3687 1395 3748 259
1415 3690 1485 3748 adn.
1500 3689 1544 3762 4).
1581 3687 1647 3746 Ad-

315 3926 518 3939 -—-n—

392 4140 415 4202 ¹)
439 4140 618 4205 Waddington
639 4141 692 4190 l.e.
712 4157 737 4205 p.
753 4143 815 4191 117.

390 4256 415 4320 ’)
438 4258 547 4323 Ephem.
567 4258 585 4308 l.
599 4274 621 4307 c.
642 4273 668 4322 p.
682 4260 745 4308 971.
784 4258 825 4309 Cf.
839 4259 1018 4324 Wsddingtou
1037 4261 1055 4309 l.
1069 4276 1091 4309 c.
1111 4277 1137 4326 p.
1152 4261 1216 4312 iso.

391 4375 416 4438 ι)
442 4375 546 4441 Ioseph.
561 4378 605 4438 20,
621 4378 646 4438 8,
660 4377 686 4427 3.

392 4494 418 4556 ¹)
443 4495 547 4546 Curtius
566 4497 594 4546 in
612 4497 676 4545 actis
696 4495 833 4545 menstruis
852 4495 935 4545 citatis
954 4511 979 4561 p.
993 4497 1029 4546 20
1048 4504 1117 4546 reete
1136 4496 1201 4545 vidit
1214 4496 1398 4561 Tryphaenam
1416 4498 1443 4548 ia
1462 4497 1574 4548 nummis
1593 4496 1647 4547 Po·

313 4589 423 4638 lemonia
441 4597 609 4639 memoratam
629 4590 740 4639 eandam
757 4602 814 4638 esee
832 4596 909 4654 atque
926 4604 993 4654 quae
1012 4590 1159 4639 nominatur
1178 4589 1205 4637 in
1223 4589 1297 4637 titulo
1310 4588 1453 4652 Cyzicen03
1472 4590 1557 4638 minus
1576 4599 1649 4639 reete

311 4680 482 4732 Polemonem
499 4681 597 4730 iudicat
612 4682 697 4731 sorori
715 4681 783 4731 hunc
800 4681 926 4731 honorem
944 4681 1073 4731 habuime.
1109 4680 1178 4731 Nam
1196 4688 1226 4730 ut
1238 4681 1339 4730 mittam
1358 4681 1421 4730 talia
1442 4681 1519 4729 uxori
1536 4682 1648 4731 matrive

312 4774 397 4838 magia
411 4775 549 4823 convenire
567 4788 644 4839 quam
657 4775 750 4835 sorori,
769 4773 871 4823 aceedit
888 4774 958 4839 quod
970 4771 1078 4824 Polemo
1097 4774 1119 4823 is
1138 4774 1211 4823 cuius
1228 4780 1319 4824 exunt
1335 4773 1434 4822 ammi
1452 4780 1557 4837 propter
1575 4782 1647 4822 aeta-

312 4875 364 4915 tem
377 4882 431 4917 non
444 4875 528 4931 potest
539 4866 618 4916 fuisse
631 4867 699 4917 titius
712 4866 862 4916 Polemonis
874 4865 1062 4930 Pythodoridis
1079 4866 1176 4916 maria.
1193 4864 1308 4916 Proinde
1322 4864 1480 4930 Tryphaena
1497 4879 1548 4916 non
1567 4879 1647 4917 soror

313 4959 369 5008 eius
388 4959 445 5019 fuit,
465 4959 511 5008 aed
530 4970 575 5009 aut
593 4959 673 5008 amita
691 4968 735 5008 aut
754 4968 844 5009 maner.

390 5074 415 5136 ⁸)
439 5076 493 5126 Dio
512 5078 557 5138 60,
578 5080 603 5127 8.
641 5077 744 5141 loeeph.
765 5078 809 5137 20,
831 5078 856 5137 8,
877 5076 904 5126 3.

389 5191 415 5255 ⁶)
438 5194 510 5248 Suet.
529 5195 592 5247 Ner.
608 5196 651 5246 18.
687 5195 839 5261 hlarquardt
858 5191 1105 5262 &metune
1126 5197 1151 5257 1,
1172 5195 1235 5246 202.
