3458 6292
47 1652 52 1665 '
145 1646 229 1761 sd.
267 1648 351 1761 Did
387 1646 692 1761 NVNDINIS
732 1646 966 1762 tantvs
1006 1646 1364 1763 BEGVENSIS.

83 2160 150 2303 In
170 2240 271 2303 radice
293 2242 423 2301 saltuum
448 2244 568 2303 illorum
588 2244 699 2319 quibus
724 2243 865 2319 planities
888 2242 1087 2304 Sufetulensis
1112 2251 1142 2302 et
1164 2242 1309 2303 Sufetana
1330 2260 1415 2321 sepa·

82 2354 174 2403 ratur
199 2345 237 2403 ab
263 2364 301 2403 ea
326 2364 404 2421 quae
432 2347 612 2405 occidentem
640 2365 745 2405 versus
773 2346 943 2405 extenditur
968 2366 1062 2423 usque
1092 2347 1129 2404 ad
1151 2354 1278 2417 montes,
1309 2346 1361 2421 qui
1384 2358 1416 2401 ut

82 2445 161 2505 oiim
191 2447 268 2505 inter
292 2448 476 2524 provinciam
503 2450 746 2525 proconsularem
769 2460 798 2507 ct
819 2448 992 2509 Numidiam
1017 2450 1060 2507 ita
1081 2448 1169 2507 hodie
1194 2449 1416 2523 interregnum

83 2548 278 2609 Tunetanurn
301 2550 515 2626 Aigeriamque
537 2552 625 2609 finem
648 2552 842 2621 constituunt,
869 2571 886 2609 a
908 2560 1007 2610 monte
1030 2550 1080 2626 qui
1102 2550 1193 2609 hodie
1208 2549 1317 2625 Djebel
1332 2546 1414 2607 Sem·

83 2670 190 2710 menia
202 2651 308 2710 dieitur
329 2654 562 2727 septentrionem
584 2672 697 2725 versus,
720 2654 872 2712 meridiem
895 2663 924 2711 ct
939 2654 1122 2713 occidentem
1139 2671 1243 2711 versus
1259 2653 1297 2710 ab
1310 2651 1416 2727 Djebel

82 2752 282 2823 Tauruscha,
314 2755 362 2811 hic
384 2755 445 2813 illie
467 2756 571 2814 ruinae
591 2757 783 2814 inveniuntur
809 2757 949 2815 circuitus
976 2758 1018 2814 ita
1045 2756 1129 2834 parri
1153 2756 1204 2813 rix
1232 2764 1263 2812 ut
1285 2755 1416 2812 vicorum

58 2854 237 2937 „reliquiae
260 2856 354 2915 fuisse
379 2858 544 2916 videantur.
592 2858 705 2915 Eodem
728 2876 830 2917 omnes
853 2860 969 2917 nomine
991 2859 1029 2917 ab
1052 2858 1204 2915 Arabibus
1226 2856 1355 2915 nuncin
1378 2856 1416 2913 iis

82 2956 165 3017 locis
197 2958 399 3018 habitantibus
426 2960 610 3035 Hauccirifl)
644 2961 670 3017 cl
698 2962 795 3035 liepur
821 2961 1020 3036 appellantur.
1074 2960 1178 3017 Victor
1203 2957 1332 3027 Guium,
1365 2957 1417 3031 qui

83 3061 207 3139 primus
229 3072 298 3120 ante
319 3062 374 3120 bos
395 3061 456 3119 fere
478 3063 644 3137 quindecim
669 3082 763 3121 annos
787 3063 869 3121 illam
891 3066 1041 3139 regionem
1063 3072 1268 3135 perscrutatus
1290 3066 1345 3130 est,
1373 3061 1417 3117 in·

84 3162 162 3223 cidit
190 3164 230 3221 ibi
257 3166 288 3223 in
315 3174 536 3223 monumentum
558 3165 690 3222 omnium
717 3184 794 3240 quae
817 3185 854 3223 ex
879 3166 1032 3241 provincia
1053 3165 1261 3242 proconsulari
1282 3163 1417 3220 innotue-

83 3274 159 3325 runt
186 3264 271 3324 iaciie
296 3268 504 3341 gravissimum
532 3268 589 3326 boe
623 3279 669 3325 est
701 3269 731 3325 in
764 3269 895 3326 tabulam
925 3268 1033 3342 lapidis
1067 3268 1186 3326 calcarii
1220 3267 1312 3324 altam
1336 3267 1349 3321 l
1376 3284 1413 3321 m.

87 3368 132 3427 64
153 3378 241 3439 cent,
266 3368 355 3426 latam
378 3380 453 3428 cent
478 3369 528 3433 80,
555 3371 659 3445 viginti
684 3370 828 3445 norem2)
852 3371 986 3429 versibus
1010 3372 1197 3445 inscriptam:
1230 3387 1297 3426 cam
1319 3368 1416 3443 ipsam

84 3479 192 3529 autem
218 3472 261 3529 ita
286 3470 413 3529 deletam
442 3473 575 3549 repperit
602 3482 634 3529 ut
662 3472 697 3531 dc
726 3473 852 3531 lectione
880 3474 1001 3531 maioris
1028 3473 1122 3550 partis
1149 3473 1214 3529 cius
1246 3471 1418 3546 desperaret

86 3594 145 3633 nee
167 3572 225 3631 nisi
249 3591 353 3631 versus
373 3574 509 3632 undecim
532 3584 700 3652 postremos
724 3576 949 3649 describeret.³)
993 3575 1068 3633 Post
1082 3594 1148 3633 eum
1171 3584 1239 3632 ante
1262 3593 1307 3630 me
1330 3590 1416 3630 nemo

84 3677 172 3755 quod
193 3676 285 3735 seiam
308 3676 376 3735 loca
397 3677 449 3734 illa
470 3697 529 3735 non
552 3678 641 3735 nimis
665 3686 730 3735 tuta
751 3679 838 3747 adiit3
862 3680 926 3755 ipse
941 3688 1041 3735 autem
1057 3696 1093 3733 ea
1113 3677 1172 3734 adii
1196 3694 1321 3751 sperans
1344 3674 1417 3733 mihi

82 3780 220 3847 fortasse
242 3780 273 3837 in
294 3779 350 3837 boe
371 3797 492 3855 quoque
515 3792 706 3838 monumento
729 3801 790 3839 reni
814 3782 919 3838 melius
942 3798 1149 3837 successuram
1171 3796 1247 3836 esse.
1296 3778 1416 3835 Primas

83 3884 194 3943 ruinas
216 3900 292 3959 quas
310 3880 411 3958 Begar
433 3884 578 3940 nominari
600 3883 716 3941 incolae
738 3884 809 3940 mibi
833 3884 979 3947 dicebant,
1001 3883 1115 3941 frustra
1136 3880 1417 3957 pervestigareram

82 3988 158 4045 item
182 3984 338 4053 secundas,
360 3984 489 4060 denique
512 3986 541 4042 in
565 3986 659 4042 tertiis
684 3986 740 4042 iam
764 3996 921 4059 antequam
945 3985 1081 4059 deeque
1105 3983 1314 4043 descenderem
1336 3981 1417 4039 baud

82 4087 195 4167 procul
223 4088 261 4145 ab
287 4086 445 4143 ruderibus
473 4087 546 4145 satis
573 4087 691 4162 amplae
725 4088 855 4162 porticus
878 4089 1041 4163 quadratae
1073 4086 1244 4164 ingentibus
1281 4086 1416 4162 postibus

80 4190 190 4261 fultae,
212 4187 356 4263 conspexi
379 4188 508 4263 lapidem
532 4189 628 4247 adbuc
651 4190 754 4247 eodem
776 4191 904 4249 sortasse
927 4191 993 4248 loco
1015 4188 1152 4260 s'tantem,
1175 4207 1234 4264 quo
1250 4189 1333 4246 stetit
1344 4187 1416 4244 oiim

80 4312 152 4353 eum
177 4289 328 4349 nundinae
356 4291 387 4348 in
416 4310 451 4349 eo
478 4302 727 4349 commemoratae
749 4293 789 4349 ibi
813 4293 1005 4351 habebantur.
1050 4293 1189 4351 Porticus
1210 4291 1291 4348 iliius
1314 4289 1418 4346 titulus

79 4396 108 4455 si
130 4394 189 4471 qui
212 4412 342 4469 uuquam
364 4393 435 4465 suit,
462 4404 514 4451 aut
536 4396 624 4471 periit
646 4403 698 4452 aut
728 4396 784 4453 sub
814 4406 893 4453 terra
914 4396 1000 4453 latet:
1034 4396 1097 4454 sine
1120 4395 1211 4453 dubio
1232 4403 1330 4451 autem
1352 4393 1418 4469 ipsa

79 4614 294 4627 ——-

166 4775 191 4839 ¹)
221 4772 350 4827 Hausclrir
368 4779 394 4826 in
415 4793 493 4843 regno
514 4779 651 4829 Tunctano
672 4781 776 4829 omniuo
797 4788 909 4829 veterum
930 4781 1083 4844 oppidorum
1103 4781 1193 4830 ruinae
1213 4788 1346 4831 vocantur.

165 4866 192 4931 ²)
222 4858 341 4934 Triginta
359 4872 426 4919 maie
445 4872 512 4920 dixit
531 4872 679 4923 Gueriuius.

163 4960 190 5023 Ι)
220 4960 317 5013 Gut'trin
337 4978 393 5027 roy.
413 4962 483 5013 arclt.
505 4967 516 5013 i
541 4981 565 5027 p.
580 4964 646 5013 391:
675 4962 905 5013 auriteuruuanmt
930 4973 994 5014 touta
1014 4966 1040 5013 Iu
1062 4967 1147 5031 partie
1172 4962 1314 5031 superiecere
1337 4982 1354 5013 rt
1378 4962 1415 5014 tito?

75 5050 179 5121 rarryc'e
201 5070 253 5121 par
276 5070 321 5103 aaa
346 5061 413 5104 rorte
431 5052 468 5105 dc.
481 5054 559 5105 lichen
584 5056 628 5121 qui
646 5074 662 5103 α
681 5054 759 5105 attat-1³
775 5055 961 5122 prosumie'meut
982 5058 1007 5106 ln
1023 5058 1130 5123 plupart
1149 5057 1193 5107 <ies
1211 5054 1358 5117 corraderet,
1389 5074 1416 5107 ce

76 5148 127 5215 qui
148 5160 180 5193 ne
199 5138 251 5193 m'cr
265 5148 360 5213 permis
377 5146 408 5195 de
427 5144 561 5213 ridcdr'ffrer
580 5142 654 5213 prt'rm
671 5150 736 5214 petit
756 5148 854 5197 ›torridi-e
873 5149 903 5197 de
922 5158 984 5199 mota
1002 5149 1067 5199 riuus
1086 5152 1121 5199 lea
1140 5150 1185 5200 dir
1203 5151 1265 5215 neus
1283 5146 1417 5217 premieres

77 5238 184 5305 ὅμως
206 5236 243 5286 let
260 5254 318 5289 onte
335 5236 462 5289 deruiires
480 5248 535 5289 soret
555 5238 679 5307 beaucoup
699 5242 757 5307 plus
767 5242 864 5306 fictiles
883 5241 899 5289 ri
919 5242 973 5291 lire.

1155 5335 1191 5392 19
