3458 6292
197 668 374 730 Montanus

200 1080 403 1141 Maronsnvs

291 1184 316 1224 8.

201 1248 403 1309 Mantuanus

199 4054 412 4117 ammun-

248 4154 314 4197 nus

198 4258 376 4321 Nsnnsvs

655 497 811 559 Qvnasr.
832 499 1048 550 oaonmron.
1069 502 1093 550 r.
1489 482 1536 552 41

451 672 595 730 Mariana
618 670 779 749 Calpurnia
801 674 922 733 Aesone
943 673 974 731 ia
996 672 1145 750 Hispania
1167 674 1389 733 Tarraconensi
1411 672 1446 733 C.
1462 674 1486 732 Ι.
1502 673 1539 732 L.

534 774 675 835 114465.

451 876 501 937 De
522 877 659 937 Mariano
685 886 785 938 monte
812 879 1000 955 metallisque
1023 879 1168 938 Marianis
1192 879 1222 936 in
1244 877 1394 954 Hispania
1416 878 1479 937 dixi
1501 879 1540 937 ad

437 978 488 1063 .c·
504 980 530 1039 1.
545 979 583 1040 L.
598 980 629 1039 11
645 979 737 1039 2269.
781 978 957 1059 Cognomen
979 982 1108 1041 Mariani
1130 981 1269 1057 frequens
1292 990 1347 1039 est.

456 1083 488 1144 C.
503 1080 693 1142 ⁴’Maeuianae
716 1082 854 1143 tribunus
875 1084 1005 1142 militum
1027 1085 1151 1142 Antonii
1173 1085 1203 1141 in
1226 1081 1381 1143 Ciceronis
1401 1081 1541 1143 Sestiana

538 1187 567 1257 4,
583 1186 611 1245 9.
644 1185 694 1243 Ita
714 1204 753 1244 ex
776 1185 862 1245 libris
878 1186 1018 1245 Parisino
1039 1196 1069 1245 et
1084 1184 1293 1246 Gemblaeensi
1316 1187 1447 1245 restituit
1462 1187 1539 1245 Hal·

536 1288 629 1359 mins3
653 1288 795 1347 edebatur
816 1296 906 1347 antea
926 1286 961 1348 C.
982 1289 1130 1347 Aulanus.
1167 1288 1258 1364 Quod
1279 1290 1308 1347 in
1326 1287 1541 1348 Gemblacensi

536 1391 575 1449 ab
597 1391 693 1450 altera
714 1409 803 1449 manu
827 1400 989 1450 correctum
1013 1400 1060 1450 est
1077 1391 1246 1452 Merolanua
1268 1391 1466 1468 antiquiorem
1489 1410 1540 1448 ro-

535 1493 630 1553 ealem
654 1493 775 1565 indicat,
798 1502 831 1551 ut
851 1493 882 1551 in
902 1493 1063 1568 desolantes
1086 1494 1258 1570 Aefulanua.

453 1597 589 1656 Alterum
605 1595 735 1653 nominis
750 1595 920 1673 exemplum
937 1602 1050 1654 eertum
1065 1614 1125 1655 non
1141 1597 1289 1674 suppetit3
1309 1616 1376 1655 nam
1393 1601 1430 1653 Π.
1447 1590 1540 1658 Τίτιος

451 1689 640 1767 Μηουβκινδς
660 1691 783 1773 limam
805 1697 957 1756 Trallibus
980 1695 1015 1759 C·-
1035 1697 1061 1757 Ι.
1082 1697 1135 1757 Gr.
1158 1697 1239 1758 2930
1266 1701 1297 1758 in
1319 1699 1405 1758 titulo
1428 1700 1539 1759 saeculi

451 1801 541 1877 primi
563 1800 737 1859 Maeuianae
759 1800 934 1879 cognomine
957 1800 1051 1858 altero
1074 1801 1191 1860 videtur
1213 1801 1310 1861 dietus
1331 1801 1434 1861 fuisse.
1480 1800 1540 1863 Sed

452 1903 525 1961 latet
551 1902 608 1961 hoa
635 1921 744 1962 nomen
772 1903 830 1961 nisi
858 1903 960 1962 omnia
985 1902 1094 1962 fallunt
1119 1905 1150 1964 in
1173 1904 1262 1963 titulo
1284 1904 1399 1963 urbano
1421 1912 1540 1964 vetusto

452 2004 487 2066 0.
503 2005 529 2063 Ι.
544 2004 580 2063 L.
604 2004 695 2064 1638
717 2025 746 2063 v.
764 2004 797 2078 2,
824 2024 911 2081 quem
934 2006 1071 2082 Ryekius
1093 2008 1179 2066 testis
1203 2007 1308 2066 unieus
1331 2008 1374 2066 ita
1394 2007 1467 2084 legit

452 2123 600 2166 ωηεν.
614 2150 621 2165 .
636 2152 664 2167 ..
687 2125 762 2166 r·r.
806 2106 935 2167 Videtur
962 2118 1061 2167 autem
1088 2109 1173 2167 initio
1195 2110 1270 2168 nihil
1293 2110 1408 2169 deesse.
1452 2109 1540 2183 Quod

453 2210 657 2269 Mommsenus
682 2209 783 2287 posuit
809 2211 839 2268 Τ.
862 2210 968 2269 Aebuti
989 2212 1033 2269 M.
1049 2214 1077 2287 s.
1100 2231 1119 2269 a
1139 2211 1251 2270 tradita
1272 2212 1398 2270 leetione
1420 2212 1539 2289 longius

452 2314 574 2373 recedit.
1467 2308 1470 2315 '

492 2415 632 2475 Meuania
646 2412 789 2474 Umbriae
811 2424 895 2487 nota3
919 2414 972 2474 sed
987 2413 1133 2475 Umbrum
1150 2415 1312 2474 secundum
1328 2416 1454 2474 formam
1469 2436 1539 2495 gen·

453 2517 506 2577 tile
527 2518 674 2594 Mesenae,
696 2519 782 2577 euius
804 2538 894 2577 unum
918 2519 987 2577 novi
1009 2519 1178 2595 exemplum
1200 2538 1292 2596 supra
1311 2519 1373 2578 iarn
1394 2538 1540 2578 memora·

452 2629 515 2680 tum
535 2621 566 2679 in
584 2620 672 2679 titulo
688 2619 884 2680 Cremonensi
907 2619 954 2695 (C.
971 2622 1117 2695 Masonati
1134 2620 1251 2681 Gracile·
1271 2619 1305 2679 C.
1320 2622 1346 2679 Ι.
1360 2620 1397 2679 L.
1414 2621 1442 2677 V
1458 2620 1539 2681 4122

454 2748 491 2774 =
508 2722 602 2783 Orell.
620 2722 726 2799 4060).
766 2723 806 2781 Et
825 2723 939 2782 Mefula
961 2720 1151 2796 Sabinorum,
1172 2743 1249 2801 quae
1272 2733 1352 2782 certo
1374 2733 1462 2783 antea
1478 2725 1540 2782 Me·

452 2826 514 2884 sola
535 2834 613 2898 erat,
640 2826 763 2903 propius
785 2826 874 2885 etiam
897 2825 1026 2897 aceedit,
1049 2835 1081 2883 ut
1103 2825 1256 2885 adnotavit
1277 2825 1480 2886 Mommsenus
1503 2828 1540 2887 de

452 2927 643 2988 stallatis.
666 2947 695 3005 p.
713 2928 783 2986 343.
821 2928 922 3007 Pagus
943 2928 1089 2987 Meflanus
1104 2928 1267 2988 Beneventi
1289 2930 1408 3007 saepius
1431 2947 1539 2988 memo-

452 3038 537 3089 ratur
557 3031 588 3089 in
610 3030 712 3089 tabula
734 3030 923 3089 alimentaria
944 3030 1089 3109 Ligurum
1113 3030 1342 3090 Baebianorum.

454 3131 492 3191 P.
512 3132 656 3192 Messanae
679 3132 717 3191 A.
741 3133 760 3191 l.
783 3132 953 3209 Pamphilus
1026 3117 1031 3127 ’

451 3235 486 3293 P.
508 3234 653 3294 Musanua
675 3234 710 3293 P.
734 3235 753 3293 l.
777 3235 950 3309 Philogenes

452 3338 487 3396 P.
509 3336 653 3396 Musaeus
674 3335 711 3395 P.
742 3338 760 3395 l.
783 3338 961 3397 Philocrates
988 3338 1177 3397 Interamnae
1204 3335 1383 3398 Nabartium
1407 3338 1441 3400 C.
1463 3341 1486 3400 Ι.
1505 3340 1540 3400 L.

536 3440 658 3500 11405.

453 3540 520 3601 Neo
546 3542 681 3601 aMusis
708 3561 804 3619 neque
831 3562 850 3601 a
878 3544 1041 3603 mussando
1069 3544 1116 3620 (ut
1136 3544 1299 3621 Bergkium
1321 3545 1409 3604 video
1436 3546 1541 3604 distin-

452 3664 544 3723 guere
566 3645 654 3704 Musa
683 3663 847 3722 cognomen
868 3645 1010 3705 Latinum
1036 3666 1055 3704 a
1076 3648 1181 3705 Μοῦσα
1208 3649 1238 3706 in
1265 3646 1393 3706 editione
1420 3666 1475 3707 sua
1497 3650 1541 3706 in·

454 3749 530 3808 dieis
551 3767 650 3808 rerum
674 3750 712 3807 ab
735 3749 874 3825 Angusto
896 3758 1048 3827 gestarum
1071 3770 1100 3827 p.
1119 3750 1188 3827 13),
1210 3749 1262 3808 sed
1285 3770 1303 3808 a
1324 3749 1390 3809 loeo
1412 3751 1540 3828 quodam

454 3870 562 3911 nomen
584 3852 642 3910 hoe
663 3849 867 3909 derivandum.
905 3849 1084 3929 Comparari
1101 3861 1199 3928 potest
1213 3852 1380 3912 Tuscorum
1396 3854 1541 3913 Musarna

455 3954 506 4031 (ef.
529 3953 628 4012 annal.
650 3952 743 4012 instit.
767 3954 915 4014 archaeol.
938 3973 966 4011 a.
984 3956 1061 4014 1851
1085 3974 1115 4032 p.
1132 3954 1247 4030 bles).

457 4056 496 4116 L.
521 4056 735 4133 Neapolitanas
761 4054 908 4115 Liberalia
935 4056 1065 4133 Neapoli
1092 4057 1116 4114 Ι.
1139 4056 1178 4117 Ν.
1200 4057 1281 4116 3275
1308 4059 1338 4117 in
1366 4059 1453 4117 titulo
1481 4076 1539 4117 non

541 4158 700 4218 admodum
722 4166 850 4217 vetusto.

458 4258 524 4321 Sa.
540 4260 688 4320 Nerianaa
704 4258 771 4319 Sea.
784 4262 812 4334 s.
831 4261 1039 4339 Clu(atumina)
1057 4262 1193 4333 Clemens,
1205 4265 1370 4338 praefectus
1386 4265 1508 4321 cohortis
1522 4266 1544 4321 Ι

538 4364 744 4422 Montanorum
765 4382 792 4421 a.
809 4362 848 4421 80
871 4364 900 4421 in
923 4365 1085 4441 diplomate
1108 4366 1229 4424 militari
1252 4364 1285 4424 C.
1302 4366 1326 4424 I.
1343 4365 1378 4423 L.
1401 4365 1460 4436 ΙΙΙ,
1475 4383 1519 4424 x1.

456 4468 523 4527 Sea.
545 4466 693 4525 Nerianua
715 4466 800 4525 mlta
820 4466 936 4525 Romae
957 4467 1179 4540 Fabreruaaa
1197 4468 1265 4526 186.

457 4570 522 4630 San.
544 4568 692 4628 Nerianat
713 4569 851 4627 Romulae
873 4568 989 4627 Romae
1012 4568 1107 4628 Orelli
1123 4571 1213 4630 5048.

396 4718 399 4725 .
456 4671 601 4731 Eiusdem
627 4670 760 4730 familiae
787 4671 883 4730 fuisse
910 4680 971 4730 tres
1002 4671 1071 4730 illos
1097 4673 1232 4733 homines
1258 4692 1440 4750 praenomen
1462 4673 1541 4732 idem

457 4793 490 4833 ar
531 4774 563 4832 it.

490 4792 577 4935 glimo
598 4894 706 4935 nomen
721 4874 880 4949 Umbrum,
902 4877 994 4936 Nerio
1017 4878 1125 4936 flumen
1140 4877 1230 4949 Latii,
1252 4877 1363 4938 Nariaa
1385 4890 1416 4938 et
1432 4880 1541 4938 Nerius

457 4977 610 5055 gentilicia
629 4981 846 5055 comparanda3
869 4998 948 5057 quae
968 4987 1064 5039 utrum
1086 4980 1193 5055 partim
1216 4981 1253 5038 ad
1274 5001 1330 5039 nar
1350 4982 1479 5040 radicem
1496 5002 1542 5041 re·

404 5156 408 5161 ,
456 5080 580 5141 ferenda
604 5079 666 5141 sint
691 5100 784 5143 aeone
810 5082 859 5143 hia
884 5100 946 5143 non
974 5100 1094 5159 quaero.
1137 5082 1210 5142 Loei
1233 5102 1340 5143 nomen
1363 5084 1460 5143 simile
1481 5104 1539 5144 non

459 5183 539 5243 novi.
