3458 6292
58 2457 127 2507 Cura
139 2473 183 2521 pe-

75 2533 165 2581 cuniae

62 2606 179 2669 publicae

61 2680 184 2728 reditum·

66 2769 116 2817 que
129 2770 176 2817 pu·

59 2827 184 2877 blicurum

201 508 270 577 138
630 526 937 578 nnurrmmuuvu
956 525 1040 580 vor..
1061 527 1090 576 11

196 629 349 637 -..———-
761 630 912 637 ———

197 705 296 776 operis
325 702 381 757 hoc
407 710 485 757 certe
512 701 701 777 permisisse,
726 712 759 759 ut
786 701 993 757 aestimatione
1021 699 1120 757 oblatu
1145 700 1316 757 universum
1344 717 1448 775 ugrum
1478 697 1531 755 do·

198 804 277 861 mino
293 803 382 860 etiam
398 802 511 860 nolenti
527 804 690 875 arrferrcnt3
707 803 769 860 fere
787 811 818 860 ut
834 804 970 879 Augusto
986 802 1150 877 imperante
1164 810 1286 860 senatus
1302 803 1420 860 censuit
1434 800 1530 875 quod·

196 923 321 981 cumque
337 905 374 962 ad
389 923 484 980 aquae
499 906 619 964 ductum
634 905 826 963 reficiendum
843 922 919 981 opus
935 905 974 963 sit
987 925 1027 964 ex
1041 905 1122 981 agris
1138 898 1331 981 privatorum
1338 904 1533 962 aestimatum

197 1008 274 1064 sumi
300 1006 392 1065 licere
420 1007 574 1081 (Frontin.
600 1008 620 1065 l.
641 1027 665 1065 c.
693 1026 718 1065 e.
737 1006 824 1082 125).
868 1006 1021 1066 Aedificiis
1048 1016 1147 1065 tamen
1174 1007 1204 1063 in
1231 1007 1322 1064 ductu
1343 1004 1532 1065 instituendo

196 1110 279 1185 parci
305 1111 356 1167 lex
381 1110 475 1181 iubet;
502 1110 640 1168 similiter
667 1120 790 1167 senatus
812 1109 948 1167 consulto
970 1128 1005 1167 eo
1027 1110 1107 1184 quod
1128 1110 1220 1167 refert
1239 1108 1403 1167 Frontinus
1426 1124 1454 1164 e.
1473 1105 1530 1164 127

195 1220 323 1287 utraque
344 1232 383 1269 ex
404 1225 488 1287 parte
511 1231 606 1289 aquae
629 1214 734 1270 ductus
755 1212 838 1289 quini
860 1213 952 1288 pedes
974 1213 1017 1269 ita
1030 1213 1117 1270 racui
1137 1212 1266 1288 relinqui
1281 1212 1430 1280 iubentur,
1454 1209 1533 1268 utin

195 1314 233 1371 iis
257 1315 331 1372 locis
354 1314 476 1374 arbores
498 1315 640 1373 tollantur
662 1322 780 1390 praeter
798 1332 861 1384 eas,
883 1333 960 1390 quac
976 1314 1055 1372 villis
1069 1314 1229 1372 conclusae
1244 1323 1355 1386 essent,
1378 1332 1436 1372 nec
1451 1311 1534 1369 dein·

197 1434 267 1491 ceps
284 1417 362 1474 ullae
378 1425 582 1490 conserantur,
602 1417 739 1475 aedificia
755 1417 837 1475 nulla
851 1435 931 1476 nora
944 1416 1027 1488 fiant,
1043 1415 1097 1475 sed
1112 1425 1180 1475 ante
1195 1416 1276 1474 lacta
1289 1428 1475 1475 remaneant.
1492 1448 1532 1458 -

197 1516 296 1593 Caput
317 1519 353 1576 de
376 1538 456 1595 aqua
478 1520 591 1577 caduca
611 1520 701 1595 plane
723 1520 862 1578 convenit
883 1539 950 1578 cum
965 1510 1112 1576 Frontino
1128 1536 1153 1576 c.
1166 1518 1221 1576 94:
1244 1520 1326 1594 opud
1345 1530 1455 1577 ceieres

197 1625 285 1678 omnis
311 1641 390 1697 oque
416 1625 446 1679 io
472 1640 541 1680 usus
560 1622 692 1697 publicos
714 1624 887 1699 eroqobutur
907 1632 933 1680 et
956 1632 1068 1681 cautum
1088 1625 1131 1677 ito
1145 1623 1222 1697 suit.-
1246 1616 1288 1678 ‘oe
1308 1624 1375 1696 quis
1393 1625 1532 1697 priuatus

197 1724 286 1780 olium
313 1720 442 1799 [equom]
469 1725 569 1795 ducat,
597 1744 682 1800 quom
708 1744 781 1801 quoe
807 1744 839 1783 su
861 1726 927 1783 lucu
947 1725 1060 1782 hamum
1080 1718 1195 1782 oceidit’
1218 1754 1256 1764 —
1280 1722 1350 1781 liaeo
1371 1727 1447 1781 enim
1467 1734 1535 1781 auat

196 1825 284 1883 serio
311 1824 380 1901 leqis
411 1860 448 1868 -
478 1828 511 1885 id
536 1837 576 1885 est
601 1846 673 1904 quoe
700 1845 734 1884 ec
761 1828 826 1885 locu
852 1827 1024 1885 abundarit.-
1052 1844 1114 1884 eom
1137 1843 1190 1883 eos
1219 1826 1357 1884 caducum
1384 1843 1532 1884 vocamus.

196 1927 278 1984 Idem
301 1947 370 1985 cum
391 1928 482 1986 addat
503 1947 611 2005 aquam
634 1929 776 1987 caducam
799 1929 863 1987 dari
886 1929 1006 1988 solitam
1029 1946 1097 1986 esse
1119 1927 1222 1985 autin
1245 1944 1332 1985 usum
1354 1926 1531 1987 balnearum

198 2029 443 2088 fullonicarumre
463 2032 604 2107 imposito
619 2032 759 2107 vectigali
774 2032 871 2090 autin
894 2031 999 2090 domos
1022 2029 1190 2107 principum
1211 2029 1343 2089 civitatis
1364 2031 1532 2089 conceden-

196 2132 277 2190 tibus
299 2132 437 2209 reliquis,
459 2134 548 2191 ctiam
571 2134 601 2190 in
624 2135 698 2192 urbe
721 2134 757 2192 de
779 2153 816 2192 ea
838 2152 919 2210 aqua
940 2140 1062 2193 senatus
1084 2151 1139 2209 pro
1160 2152 1193 2191 re
1213 2132 1381 2193 decrevisse
1403 2132 1532 2201 ridetur,

197 2244 230 2291 ut
256 2235 343 2292 modo
371 2243 492 2312 propter
519 2236 668 2311 publicam
691 2236 848 2294 utilitatem
875 2237 987 2312 petenti
1015 2235 1151 2305 daretur,
1177 2233 1266 2295 modo
1293 2236 1420 2295 lionoris
1440 2253 1533 2294 causa

196 2336 347 2413 primariis
369 2337 442 2396 viris
464 2338 684 2397 concederetur.

281 2438 308 2496 8.
348 2438 394 2496 Ad
417 2441 574 2515 pecuniam
596 2442 745 2518 publicam
767 2442 939 2518 reditusque
960 2441 1098 2519 publicos
1121 2438 1377 2501 administrandas
1399 2441 1431 2500 in
1449 2440 1532 2500 hisce

197 2541 308 2598 tabulis
330 2559 408 2616 quae
431 2551 566 2619 spectant
587 2562 648 2601 non
671 2544 773 2614 multa,
796 2562 833 2601 ea
853 2544 912 2602 lroc
932 2544 1000 2602 loco
1021 2545 1256 2620 composuimus.

281 2640 388 2718 Capite
407 2642 506 2703 XCVI
536 2646 641 2705 duurir
671 2646 790 2704 iubetur
817 2646 855 2703 ad
881 2645 1058 2706 decuriones
1085 2646 1183 2723 primo
1205 2665 1326 2723 quoque
1348 2645 1399 2705 die
1420 2644 1533 2705 referre

197 2744 234 2803 de
260 2745 385 2817 iudicio,
413 2748 494 2823 quod
520 2749 609 2806 alieni
632 2767 670 2806 ex
691 2748 903 2807 decurionibus
925 2748 962 2806 de
984 2749 1111 2824 pecunia
1130 2748 1251 2825 publiea
1271 2747 1406 2807 multare
1427 2748 1459 2807 in
1482 2768 1533 2826 pu-

197 2846 307 2906 blicum
329 2848 492 2927 redigenda
512 2850 618 2909 locove
640 2850 762 2925 publico
784 2849 999 2909 instituendum
1022 2868 1089 2909 esse
1110 2852 1255 2910 rideatur.

281 2948 387 3025 Capite
403 2948 573 3009 CXXXIV
588 2971 690 3010 eorum
712 2972 789 3029 quae
810 2953 955 3012 habemus
977 2961 1112 3012 extremo
1131 2972 1228 3029 eoque
1241 2952 1420 3031 imperfecto
1434 2952 1474 3013 de
1488 2970 1533 3025 eo,

197 3052 248 3127 qui
275 3052 389 3111 civitati
415 3054 559 3113 honorem
586 3055 716 3131 aliquem
742 3054 899 3114 habiturus
924 3056 965 3113 sit
987 3072 1134 3114 munusve
1159 3056 1210 3113 det
1237 3055 1456 3132 polliceaturre
1478 3066 1537 3115 ste·

198 3163 316 3212 tuamve
338 3155 471 3232 aliquam
493 3156 563 3214 dere
586 3176 734 3233 ponererc
757 3158 938 3233 promiserit,
962 3164 1093 3228 caretur,
1115 3175 1153 3216 ue
1175 3158 1214 3215 ob
1236 3176 1304 3217 eam
1324 3178 1391 3218 rem
1407 3159 1538 3237 pecunia

197 3256 318 3331 publica
339 3257 456 3315 aliudve
477 3258 583 3335 quidl)
606 3260 632 3318 ei
653 3259 740 3318 detur
754 3259 887 3319 donetur.
921 3259 1026 3335 ltaque
1041 3260 1093 3337 qui
1107 3258 1296 3337 largitionem
1311 3261 1450 3338 aliquam
1465 3261 1537 3321 ciri·

197 3359 254 3418 bus
276 3359 409 3419 facturus
431 3369 487 3431 est,
510 3360 679 3420 universam
701 3379 756 3419 suo
779 3373 900 3439 sumptu
914 3361 1049 3437 perficiat
1061 3379 1186 3421 necesse
1199 3370 1248 3421 est
1260 3380 1359 3441 neque
1372 3364 1536 3441 quicquam

196 3463 227 3520 in
251 3481 316 3521 eam
337 3482 400 3520 rem
423 3463 569 3522 aerarium
591 3464 769 3524 contribuat.
813 3462 989 3542 Comparari
1009 3473 1111 3541 potest
1132 3464 1213 3541 quod
1234 3464 1351 3523 Paulus
1374 3464 1536 3543 acubitu:

197 3565 356 3624 ciuitatibus
384 3565 476 3643 lequri
499 3576 592 3642 potest
617 3570 701 3625 etiam
726 3568 803 3643 quod
828 3568 867 3625 ud
893 3566 1025 3627 bonorem
1046 3578 1232 3642 ommiumque
1252 3570 1378 3628 ciuitatis
1393 3572 1539 3645 partinet.-

197 3668 238 3726 ud
259 3677 388 3726 orantum
405 3680 479 3744 puto
500 3670 578 3745 quod
597 3671 639 3727 ad
658 3671 854 3728 instruendum
867 3670 968 3744 sorum
990 3670 1128 3729 theutrum
1149 3669 1273 3727 studium
1289 3668 1415 3747 lequtuue
1426 3673 1539 3748 suerit.-

197 3771 237 3827 od
262 3769 393 3829 liouorem
410 3782 484 3847 puto
505 3772 582 3847 quod
602 3774 643 3830 od
662 3791 763 3841 munus
786 3773 923 3831 edendum
942 3775 1149 3831 uenationemue
1171 3771 1254 3831 ludos
1275 3775 1427 3831 scaenicos
1454 3772 1539 3833 ludos

196 3877 333 3931 circenses
359 3873 486 3931 relicmm
500 3875 593 3949 suerit
614 3883 667 3931 out
686 3876 764 3950 quod
783 3876 824 3932 od
845 3875 1009 3933 diuisionem
1030 3872 1208 3949 eloquiorum
1229 3877 1332 3933 ciuium
1352 3874 1400 3935 uel
1421 3877 1538 3953 quium

196 3976 324 4033 relictum
338 3978 441 4049 suerit.
477 3977 529 4034 lieo
551 3977 676 4051 amplius
698 3978 826 4053 quodie
848 3977 982 4035 alimento
1003 3976 1132 4051 infirmae
1150 3978 1263 4048 octoas,
1281 3986 1358 4053 puto
1371 3978 1539 4037 senioribus

195 4078 241 4137 vel
257 4081 359 4155 pueris
376 4078 549 4155 puellisque,
572 4079 700 4138 relictum
715 4080 818 4152 suerit,
840 4081 881 4136 ud
894 4079 1025 4137 honorem
1040 4082 1162 4138 ciuitatis
1173 4082 1320 4155 pertinere
1335 4082 1539 4157 respondetur.

196 4178 303 4259 Neque
330 4180 398 4257 ipsa
422 4197 470 4238 res
499 4181 591 4239 dubia
616 4188 672 4239 est.
715 4180 878 4239 Ambitiosa
905 4182 1018 4239 decreto
1046 4182 1242 4253 decurionum,
1263 4176 1460 4261 Ulpianus³)
1485 4184 1540 4255 ait,

197 4284 323 4342 rescindi
344 4282 457 4340 debent:
476 4285 597 4358 proinde
618 4294 649 4341 ut
670 4283 770 4351 soleat,
791 4286 849 4341 siae
870 4282 994 4358 aliquem
1015 4282 1165 4341 debitorem
1185 4284 1346 4343 dimiserint
1357 4286 1423 4343 sico
1438 4284 1543 4363 lurqiii

196 4396 264 4443 sunt
289 4390 348 4444 sice
374 4387 546 4444 decreverint
571 4387 605 4442 de
622 4385 737 4461 publico
758 4385 848 4443 alicui
868 4385 914 4442 cel
931 4386 1056 4459 praedio
1078 4388 1124 4442 uei
1143 4385 1228 4443 aedes
1246 4384 1293 4445 uel
1312 4395 1425 4447 cenum
1446 4406 1544 4465 quun·

196 4492 317 4557 titoiem,
343 4488 417 4546 aiiii
442 4487 547 4545 saleto
573 4489 710 4545 eiusmodi
736 4489 884 4547 deorsam.
929 4485 989 4546 Sed
1016 4486 1207 4546 ambitiosum
1233 4486 1389 4548 decretum
1414 4508 1456 4549 ue
1476 4496 1544 4551 tum

196 4590 314 4666 quidem
337 4597 435 4648 ratum
458 4608 536 4660 esse,
557 4608 625 4648 cum
646 4589 835 4669 largitionem
858 4588 1080 4666 quodammodo
1101 4598 1319 4663 remuneretur,
1341 4598 1377 4649 ut
1391 4610 1459 4653 non
1478 4610 1545 4653 aru·

196 4693 279 4769 bigni
300 4694 374 4752 iuris
397 4700 453 4767 cst,
475 4694 527 4766 ita,
550 4693 632 4770 quod
654 4693 756 4764 sciam,
778 4692 849 4752 alibi
870 4709 931 4750 non
952 4699 998 4750 cst
1018 4698 1169 4751 testatum.

273 5037 296 5100 ¹)
325 5041 388 5101 Aut,
408 5040 430 5089 si
450 5039 532 5104 magis
549 5040 642 5103 placet,
663 5036 720 5099 o[ut
735 5056 784 5107 pro
804 5039 846 5103 co]
866 5038 940 5106 quid3
960 5039 1050 5091 tabula
1067 5038 1138 5089 enim
1155 5037 1207 5091 hoc
1224 5038 1284 5091 loco
1302 5032 1372 5093 illd.

272 5128 296 5193 ²)
324 5131 444 5197 bigae,
462 5134 566 5195 122pr.

272 5220 297 5286 ³)
324 5222 386 5290 Dig.
400 5225 445 5288 50,
460 5226 486 5285 9,
501 5225 528 5274 4.
