3458 6292
729 1847 1186 1962 llllllllllllNll
1240 1916 1246 1928 ·

584 2048 660 2130 lo
691 2049 950 2135 CORPORIS
978 2049 1235 2134 vouvuuu
1264 2049 1294 2130 Ι.

288 2498 359 2560 296
389 2501 500 2561 tabella
527 2503 641 2562 aheneo
664 2523 728 2585 rep.
755 2503 870 2564 Romae
900 2504 948 2564 vel
978 2509 1009 2563 in
1035 2519 1107 2581 agro
1129 2501 1267 2560 Romano
1294 2505 1380 2557 extat
1409 2497 1490 2575 apud
1517 2494 1613 2575 Capo-

287 2603 456 2662 biouchium
478 2625 577 2664 rerum
599 2606 790 2682 antiquarum
810 2606 989 2666 institorem.
1682 2597 1687 2603 ‘

368 3799 540 3877 Descripsit
562 3799 786 3874 Gamurrinius;
822 3801 983 3862 Henzenus
1006 3802 1131 3862 contulit
1159 3801 1310 3877 ediditque
1333 3801 1416 3860 Bull.
1445 3804 1510 3858 inst.
1532 3799 1611 3858 arel.

288 3902 368 3962 1874
389 3925 419 3983 p.
443 3903 492 3964 82.

365 4004 461 4066 ‘Alte
474 4006 585 4066 dictum
607 4017 654 4067 est
674 4027 730 4085 pro
751 4006 861 4078 Auru,
882 4007 1011 4066 Albensi.
1053 4007 1103 4066 De
1123 4007 1247 4066 elisione
1264 4006 1409 4065 vocalium
1431 4009 1461 4064 in
1476 4023 1613 4064 sermone

281 4105 468 4186 ‘praesertim
501 4109 764 4169 Praenestinorum
798 4121 931 4168 veterum
963 4110 1002 4169 ci.
1031 4108 1149 4168 Ritschl
1183 4110 1285 4168 Rbeio.
1313 4109 1392 4167 Mus.
1413 4128 1441 4166 o.
1464 4108 1500 4165 F.
1533 4106 1610 4166 1861

282 4210 321 4289 ‘p.
346 4211 385 4270 60
408 4229 491 4288 seqq.
530 4243 568 4253 —
614 4209 689 4270 Cum
718 4213 806 4271 Alboi
821 4221 908 4289 patre
936 4212 1074 4270 videntur
1094 4222 1174 4272 recte
1195 4211 1336 4289 componi
1354 4212 1504 4282 Reatinum,
1533 4208 1613 4267 Tibe·

282 4310 382 4384 ‘rinue
406 4313 554 4390 Turpenuc
572 4309 675 4392 poter?
719 4315 768 4373 W.
790 4314 832 4374 Η.

286 4747 357 4808 297
379 4751 576 4826 fragmentum
598 4750 707 4828 lapidis
729 4749 880 4811 Tiburtini
902 4751 1012 4811 litteris
1047 4751 1173 4811 vetustis
1200 4750 1317 4811 Romae
1348 4770 1452 4811 mense
1486 4750 1610 4811 Octobri

327 4853 396 4911 anni
427 4850 505 4912 1873
533 4861 699 4912 extructum
728 4873 766 4912 ex
801 4873 888 4912 moro
915 4854 1044 4930 quodam
1075 4861 1174 4912 vetere
1200 4872 1295 4931 prope
1316 4853 1435 4913 domum
1463 4853 1609 4913 curatoris

325 4954 432 5014 aerarii
469 4955 581 5031 publici
617 4955 773 5031 (ministero
800 4956 873 5014 delle
894 4957 1037 5033 strenze),
1074 4974 1150 5032 quoe
1183 4957 1332 5016 extruitur
1366 4957 1443 5015 inter
1479 4957 1610 5034 plateam
1664 5012 1667 5017 Δ

326 5058 357 5114 di
395 5057 520 5115 Termini
557 5065 587 5116 et
618 5067 736 5134 portam
772 5056 859 5116 Pium
898 5058 936 5117 od
972 5059 1051 5117 vium
1083 5058 1156 5117 olim
1186 5060 1218 5117 di
1239 5068 1328 5136 porta
1349 5058 1417 5133 Pia,
1468 5077 1547 5117 nunc
1568 5058 1611 5116 de’

325 5164 399 5217 uenti
420 5159 580 5220 settembre.
