3458 6292
623 492 697 539 unx
716 490 796 541 con.
819 492 1047 541 osun'rrvas.
1431 474 1499 543 127

165 670 270 722 autem
293 681 386 741 supra
407 663 531 722 multum
552 664 678 741 pignera
699 664 831 736 verbera,
852 674 926 742 puta
948 666 1055 740 capitis
1078 666 1125 723 vel
1148 666 1363 741 ignominiosae
1385 669 1502 727 missio-

167 766 218 825 nis
242 766 294 825 ius
322 766 351 825 ei
376 784 435 825 aon
461 773 518 825 est.
562 766 646 825 Haec
670 766 844 825 constitutio
867 776 965 826 utrum
989 767 1026 825 ad
1049 769 1204 826 universas
1227 768 1290 826 eius
1313 770 1419 828 aetatis
1441 772 1502 829 Ro·

167 886 277 927 manae
302 868 416 927 formae
441 884 491 927 ras
516 869 652 945 publicas
678 870 847 945 perveniat,
875 889 913 928 an
940 883 1062 947 propter
1089 870 1292 929 condicionem
1322 872 1502 947 peculiarem

168 970 277 1047 oppidi
299 970 411 1030 conditi
433 971 463 1029 in
485 971 745 1047 mediaHispauia
767 973 908 1031 ulteriore
930 974 1084 1048 provincia
1106 992 1211 1049 parum
1228 974 1381 1032 etiamtum
1397 984 1504 1051 pacata

167 1082 291 1151 recepta
313 1072 363 1145 sit,
385 1074 576 1133 determinari
599 1093 657 1131 non
680 1084 792 1149 potest3
816 1075 869 1132 sed
884 1075 939 1133 etsi
955 1076 1012 1134 1100
1026 1077 1190 1151 praeferas,
1213 1084 1292 1135 certe
1306 1094 1384 1152 quse
1398 1078 1502 1135 eodem

166 1174 236 1233 loco
263 1186 367 1235 esseut
392 1175 529 1235 colonias
553 1176 774 1253 municipiaque
800 1178 1020 1254 provinciarum
1047 1179 1277 1257 longinquarum
1300 1197 1335 1239 eo
1357 1179 1420 1237 iure
1442 1198 1501 1237 non

166 1278 266 1355 maffia
287 1278 422 1339 munisse
443 1285 675 1338 cousentaneum
697 1286 753 1339 cst.

250 1380 353 1441 Etiam
377 1380 415 1441 de
437 1382 600 1451 munitione
621 1398 698 1457 quae
720 1392 863 1439 caventur
885 1401 909 1439 c.
927 1380 1064 1441 XCVIII
1087 1383 1140 1459 (3,
1161 1382 1313 1459 23-36)
1335 1394 1395 1441 tarn
1418 1386 1500 1443 nori·
1519 1398 1631 1451 Muniam

167 1488 229 1541 tate
250 1500 308 1542 sua
328 1500 418 1561 quam
438 1483 593 1563 primitiva
606 1490 755 1543 vetustate
776 1485 1031 1543 commendantur.
1069 1484 1171 1560 Opera
1189 1486 1307 1561 publica
1321 1506 1387 1544 curn
1401 1497 1500 1563 postc-

166 1586 248 1645 rioxa
274 1594 410 1663 tempore
435 1586 649 1665 perficerentur
673 1586 737 1645 fere
759 1606 813 1663 per
834 1586 1053 1661 redemptores,
1081 1587 1292 1662 antiquissima
1318 1591 1501 1649 consuetudo

166 1704 244 1763 quae
267 1688 342 1767 ipsis
364 1688 447 1747 urbis
466 1688 624 1747 moenibus
647 1706 754 1747 nomen
777 1688 867 1759 dedit,
890 1706 1049 1765 operarum
1072 1698 1131 1746 tam
1155 1690 1306 1747 hominurn
1328 1710 1417 1767 quam
1436 1693 1499 1750 ani-

166 1788 292 1849 malium
317 1790 358 1849 ab
381 1790 458 1867 ipsis
485 1790 601 1849 ciuibus
626 1790 839 1868 exigendarum
863 1792 904 1848 ita
925 1790 1098 1849 oblitterata
1118 1800 1178 1861 est,
1206 1800 1239 1848 ut
1260 1792 1339 1868 apud
1361 1802 1498 1853 auctores

164 1908 246 1967 quoa
267 1892 412 1953 habemus
433 1892 527 1953 exilis
547 1902 661 1953 tantum
682 1894 747 1952 eius
769 1893 898 1971 vestigia
919 1892 1186 1969 deprehendantur,
1209 1895 1340 1953 maxims
1364 1896 1412 1953 ubi
1435 1898 1499 1973 agi-

164 2008 215 2053 tur
240 1994 280 2053 da
301 1996 351 2055 via
374 1992 586 2070 muniends1).
631 1992 799 2056 Secundum
821 1996 899 2053 hanc
920 1995 1016 2071 legem
1038 2013 1087 2054 res
1109 1996 1152 2052 its
1172 1998 1336 2069 ordinatur,
1359 2007 1390 2056 ut
1412 2000 1497 2057 decu-

164 2096 286 2157 rionum
307 2098 348 2157 sit
368 2098 527 2157 decernere
548 2098 585 2156 de
606 2098 781 2169 muniendo;
810 2098 853 2155 ita
874 2098 952 2154 enim
975 2098 1024 2156 lex
1047 2099 1178 2175 loquitur
1199 2106 1316 2161 vetusto
1339 2118 1436 2170 more,
1466 2108 1499 2158 ut

163 2200 268 2277 ipsum
293 2218 369 2276 opus
394 2218 434 2259 ne
462 2202 611 2272 enuntiet,
639 2201 731 2259 immo
757 2200 973 2277 complectatur
998 2218 1201 2276 quascumque
1227 2218 1333 2278 operas
1363 2202 1497 2261 homines

164 2302 399 2379 qualescumque
425 2302 604 2361 animalisve
629 2302 728 2362 iacere
753 2302 886 2381 possint,
914 2302 978 2359 slve
1005 2301 1042 2358 de
1064 2302 1112 2359 ria
1133 2304 1293 2361 sternenda
1314 2303 1413 2381 agitur
1433 2305 1498 2363 sire

167 2402 205 2461 de
228 2402 383 2463 moenibus
404 2404 550 2464 iaciendis
569 2405 633 2464 sive
654 2404 691 2463 de
713 2404 848 2463 aedificio
870 2403 973 2481 aliquo
988 2404 1163 2463 extruendo.
1199 2405 1375 2463 Indicuntur
1389 2424 1498 2483 operae

167 2506 357 2581 patrimoniis
383 2508 423 2567 ad
443 2508 615 2583 exemplum
639 2526 793 2565 munerum
814 2524 933 2577 eorum,
960 2526 1051 2581 quae,
1079 2517 1112 2565 ut
1134 2508 1175 2566 sit
1195 2507 1271 2566 iuris
1293 2506 1449 2585 auctort),
1473 2520 1498 2567 et

172 2608 201 2665 st
225 2612 276 2685 qai
300 2628 388 2687 sasque
411 2613 568 2685 municipes
594 2628 683 2685 aeque
708 2611 818 2668 incolae
842 2618 909 2667 suat
929 2610 1101 2683 adpooscerc
1122 2619 1273 2685 copuatur:
1302 2610 1415 2669 scilieet
1435 2619 1496 2670 tarn

174 2710 253 2769 cives
276 2721 307 2771 et
330 2710 463 2783 incolae,
489 2713 546 2771 etsi
568 2730 761 2791 possessores
783 2732 843 2770 non
866 2720 949 2783 sunt,
976 2729 1066 2786 quam
1088 2728 1294 2787 possessores,
1320 2713 1378 2771 etsi
1401 2733 1496 2790 neque

178 2810 254 2887 uires
274 2820 342 2873 suut
366 2832 463 2891 neque
487 2813 619 2887 incolae,
647 2813 685 2871 ad
711 2814 904 2873 munitionem
927 2812 1154 2890 compelluntur.
1197 2812 1359 2890 Negotium
1381 2816 1496 2874 iniunc-

184 2920 241 2973 tum
258 2914 364 2991 duplex
384 2924 445 2975 eet:
471 2916 649 2993 quicumque
670 2916 802 2977 iumenta
823 2916 1006 2993 plaustraris
1028 2915 1131 2987 habet,
1154 2916 1184 2973 in
1206 2917 1277 2993 iuga
1298 2917 1417 2994 singula
1438 2926 1495 2977 ter·

116 3068 118 3083 ,
189 3030 238 3073 uas
258 3034 307 3091 per
330 3036 441 3077 mutam
468 3036 577 3094 operas
602 3028 756 3095 praestare
783 3020 912 3095 cogitur3
941 3017 1121 3093 quicumque
1142 3038 1232 3075 manu
1255 3038 1376 3094 operam
1397 3020 1496 3079 facere

120 3100 136 3185 ¹,
192 3122 275 3189 puteat
290 3128 317 3179 ct
335 3136 430 3179 anuos
451 3126 540 3179 natus
561 3128 607 3180 est
627 3120 698 3196 plus
712 3120 821 3189 XIIII,
843 3120 940 3178 minus
955 3118 1013 3177 Lx
1036 3120 1124 3196 quive
1147 3138 1251 3179 servos
1273 3122 1361 3180 habet
1382 3122 1409 3181 ei
1425 3142 1495 3199 ope·

196 3232 241 3277 rae
253 3238 329 3297 pares
348 3222 541 3300 eiusdemque
562 3223 716 3298 aetatis³)‚
738 3224 770 3282 in
790 3222 926 3300 singulos
949 3222 1085 3281 homines
1107 3223 1214 3298 quinas
1235 3243 1288 3298 per
1303 3243 1411 3282 antrum
1426 3244 1495 3301 ope-

199 3336 242 3377 ras
255 3332 399 3397 praestare.
435 3324 483 3383 sd
505 3324 581 3384 hanc
601 3326 695 3402 legem
717 3344 794 3403 quae
814 3326 952 3402 proxime
975 3324 1105 3394 accedat,
1127 3326 1299 3383 constitutio
1321 3337 1368 3384 est
1389 3346 1415 3384 a.
1433 3329 1492 3386 417

140 3440 143 3447 ·
204 3416 273 3493 (llud.
282 3422 333 3485 t't.
350 3426 404 3501 15,
420 3426 450 3499 3,
466 3426 485 3485 5
501 3450 538 3477 =
555 3424 590 3487 C.
605 3428 678 3487 Iust.
698 3428 745 3499 10,
761 3424 811 3500 25,
828 3426 861 3502 2)
883 3428 970 3485 haec:
989 3446 1043 3503 per
1056 3426 1223 3503 Bitltpaiam
1246 3437 1405 3504 ceterasque
1424 3449 1494 3504 pro·

146 3562 151 3613 .'
205 3524 288 3584 esea
304 3546 478 3605 maestam
500 3538 527 3587 et
546 3533 724 3607 reparationi
743 3530 853 3606 pellici
874 3532 988 3605 opperit
1010 3540 1035 3587 et
1055 3533 1154 3588 ceteris
1176 3532 1312 3587 eiusmodi
1332 3533 1493 3591 muneribus

147 3676 151 3683 -
204 3638 249 3693 pm
261 3630 371 3703 luporum
391 3650 507 3691 samaro
527 3632 574 3691 uel
594 3636 728 3708 capitum,
750 3651 823 3709 qeins
834 3632 984 3707 possidere
997 3641 1160 3702 noscuntur,
1183 3632 1327 3707 eilstriapi
1342 3646 1493 3708 aequatum

208 3720 249 3781 Ill
264 3726 319 3807 luga
339 3732 374 3793 ad
402 3733 547 3793 animulis
571 3742 705 3811 spectare
726 3734 878 3803 videntur,
906 3734 1004 3808 capita
1029 3734 1067 3791 ad
1090 3750 1202 3791 servos.
1247 3732 1380 3792 Finitum
1402 3737 1494 3795 fuisse

142 3838 159 3913 ζ.
210 3821 491 3913 innumerarum
512 3855 668 3895 numerum
689 3856 743 3914 per
765 3837 898 3913 singulos
921 3853 1015 3893 annos
1038 3835 1250 3911 exigendarum
1272 3856 1351 3895 nunc
1366 3839 1493 3914 primurn

211 3928 314 3995 uma„
333 3936 400 3997 iacti
426 3956 539 3999 sumus.
583 3940 701 3998 Aetatis
724 3938 841 3997 termini
863 3958 930 3996 cum
952 3958 1006 4015 per
1026 3956 1058 3996 se
1080 3938 1229 3996 notissimi
1251 3937 1325 4009 siut,
1353 3940 1389 3997 de
1413 3959 1492 3998 anno

211 4020 278 4089 ΧῙῙῙῙ
292 4038 444 4113 pubertatis
465 4040 551 4100 initio
571 4041 705 4119 legitimo
727 4041 857 4099 omnium
879 4058 955 4116 quae
977 4041 1119 4099 habemus
1141 4040 1376 4100 testimoniorum
1391 4043 1448 4101 lme
1463 4043 1493 4099 ni

147 4242 150 4248 .
213 4232 371 4263 x...

266 4390 285 4455 1)
305 4400 386 4457 cleers
410 4420 459 4473 pru
476 4405 587 4457 Fonteio
608 4407 623 4456 8
642 4402 683 4470 [4]
709 4413 812 4456 suamet
830 4406 887 4455 vlae
905 4406 1039 4455 Domitiae
1063 4406 1233 4455 munitionem
1251 4406 1346 4455 tactam
1365 4407 1435 4456 iussu
1454 4406 1492 4456 Μ.

211 4474 286 4535 Mill
299 4498 449 4557 proconsulis
467 4498 582 4551 Galliac:
603 4500 686 4549 euecti
703 4505 760 4547 suat
778 4498 873 4548 munire
892 4514 974 4548 omisca
992 4504 1015 4547 et
1033 4498 1162 4547 cursitorum
1180 4513 1258 4564 opera
1276 4495 1419 4563 improbata
1436 4505 1494 4547 aaut

214 4576 296 4639 etp„
314 4598 455 4657 aquantur.
493 4590 596 4644 Siculus
615 4592 725 4641 Flaccus
743 4608 769 4656 p.
785 4592 836 4640 ltu
861 4598 997 4655 postquam
1022 4591 1089 4639 dixit
1113 4590 1145 4638 de
1164 4590 1212 4639 riis
1235 4590 1344 4654 publicis
1363 4604 1429 4655 quse
1446 4604 1494 4655 per

215 4660 344 4737 ”hiim
360 4683 533 4745 munirentur,
553 4682 682 4743 vicissim,
703 4684 795 4748 inquit,
817 4682 892 4733 aliter
910 4682 1052 4731 masticatur
1067 4698 1116 4747 per
1130 4698 1228 4748 pupas,
1251 4680 1279 4730 id
1296 4689 1332 4731 est
1345 4698 1395 4749 per
1412 4684 1492 4749 mapi-

216 4758 384 4837 *l'itqmm
409 4775 455 4843 qui
471 4790 565 4843 operas
582 4792 600 4825 α
613 4773 802 4843 possessoribus
820 4774 857 4824 ad
872 4790 916 4825 eoa
934 4773 1040 4824 tuendus
1058 4774 1156 4839 eripere
1174 4772 1245 4823 soliti
1262 4781 1325 4823 suat.
1365 4774 1406 4825 CI.
1426 4774 1492 4825 Cato

116 4920 124 4925 ,
216 4842 294 4911 at,
308 4866 366 4927 aa.
405 4866 472 4920 coa.
485 4868 586 4919 auena
602 4867 645 4929 15,
660 4867 685 4918 a.
724 4868 802 4919 nunu
822 4866 898 4917 siaa.
918 4863 984 4931 taff.
1007 4869 1031 4927 1,
1046 4868 1089 4916 sa.

265 4960 283 5027 Ι)
302 4974 357 5043 urg.
371 4978 416 5039 ao,
429 4978 457 5041 s,
473 4980 516 5041 rs,
531 4980 575 5029 aa.

264 5071 282 5141 ⁸l
299 5084 361 5141 Nan
380 5088 460 5140 verbs
483 5089 510 5139 ia
535 5086 644 5140 domines
669 5088 782 5155 stapulas
800 5086 909 5156 puberes
932 5088 1051 5138 videntur
1075 5085 1210 5151 complecti
1229 5092 1280 5136 tum
1300 5086 1395 5137 liberos
1414 5100 1491 5152 quam

216 5170 277 5221 l“tta
