3458 6292
195 501 268 572 268
486 515 790 568 onsunvn'rronus
817 517 1093 567 nrncnnrnrcnu
1119 518 1224 571 ιιιίιι.

193 696 300 754 Airica
330 703 431 771 gestas
454 701 629 750 ornamenta
651 691 844 769 triumphalia
866 691 963 750 denuo
985 700 1172 769 statuamque
1194 693 1358 749 laureatam
1392 691 1537 766 (Tacitus

194 819 262 858 ann.
286 799 316 868 4,
334 797 397 873 23).
442 795 557 853 Romae
580 803 779 852 commoratus
801 812 855 869 per
877 813 973 852 anuos
999 804 1158 871 sequentes
1182 795 1322 870 (Tacitus
1345 813 1413 853 anu.
1438 796 1467 866 3,
1485 794 1537 852 64.

195 902 225 973 4,
240 901 287 959 13.
312 899 374 975 22.)
399 901 517 977 legatus
535 895 716 956 Germaniae
731 895 882 956 inferioris
897 898 994 956 iactus
1009 905 1055 955 est
1077 917 1103 956 a.
1129 896 1168 956 28
1192 897 1333 969 (Tacitus
1349 917 1419 956 ann.
1436 900 1468 970 4,
1485 897 1537 955 73.

197 1002 331 1077 11,1e);
362 1020 430 1058 uam
457 1020 523 1060 eam
551 1000 731 1076 legationem
759 999 811 1074 qui
839 1000 900 1059 filio
929 1001 1062 1059 tribuunt
1089 1021 1124 1059 eo
1153 1012 1286 1078 ternpore
1308 1000 1438 1059 noudum
1462 1018 1535 1057 con·

196 1105 256 1163 suli
277 1104 366 1175 facto,
382 1104 515 1182 graviter
528 1109 637 1162 errant.
682 1101 774 1161 Recte
796 1115 898 1162 autem
913 1104 1020 1179 opinor
1041 1103 1080 1162 ad
1101 1123 1167 1162 cum
1184 1102 1362 1162 rettulerunt
1378 1102 1434 1160 viri
1456 1101 1538 1160 docti

195 1207 316 1266 titulum
358 1207 634 1283 Mogontiaccnsem
661 1207 772 1284 (Orell.
801 1204 882 1264 2976
907 1231 943 1256 =
968 1205 1137 1265 Brambach
1166 1207 1240 1282 937)
1271 1206 1405 1265 mulieris
1436 1206 1539 1263 cuius-

200 1310 267 1369 dam
284 1310 358 1368 civis
369 1310 524 1368 Romanae
538 1315 654 1368 natione
664 1311 791 1369 Nereide
805 1312 928 1367 inmunis
944 1308 1102 1385 bmefic(io)
1118 1308 1181 1385 [L.]
1197 1310 1318 1386 Aproni.
1341 1307 1540 1386 Legationem

199 1409 391 1483 Germaniae,
413 1411 445 1470 in
467 1430 527 1487 qua
550 1412 665 1470 cladem
687 1431 706 1469 a
727 1411 837 1470 Frisiis
861 1416 985 1488 accepit,
1008 1430 1076 1469 eum
1097 1411 1286 1488 protraxisse
1308 1412 1346 1469 ad
1369 1430 1396 1468 a.
1414 1410 1453 1468 34
1476 1430 1539 1468 uon

199 1515 273 1574 satis
296 1522 377 1574 certo
399 1514 530 1573 efficitur
551 1533 590 1572 ex
613 1514 713 1573 Taciti
736 1515 802 1572 loco
826 1515 854 1586 6,
872 1514 926 1572 30:
951 1513 1115 1573 Gaetulicus
1137 1533 1171 1572 eo
1194 1523 1354 1590 tempestate
1375 1515 1539 1588 superioris

203 1617 376 1676 Germaniae
398 1616 521 1692 legiones
536 1618 658 1676 curabat
677 1622 833 1693 mirumque
855 1635 978 1674 umorem
994 1619 1145 1676 adsecutus
1160 1627 1223 1675 erat
1237 1617 1343 1691 effusae
1365 1617 1541 1686 clementiae,

198 1722 324 1778 modicus
346 1722 496 1778 severitate
518 1731 545 1778 et
560 1724 693 1797 proximo
715 1737 827 1796 quoqne
849 1723 983 1778 exercitui
1005 1739 1059 1795 per
1081 1719 1118 1777 L.
1150 1720 1312 1796 Aproniam
1334 1738 1461 1778 socerum
1481 1737 1540 1776 non

196 1827 337 1899 ingratas.
393 1821 541 1881 Lentulus
585 1821 761 1881 Gaetulicus
808 1822 914 1880 consul
950 1839 976 1878 a.
1014 1819 1052 1879 26
1093 1840 1160 1879 cum
1203 1842 1256 1899 per
1298 1822 1400 1880 decern
1442 1837 1540 1878 annos

202 1924 384 1985 Germaniae
445 1925 593 2000 superiori
651 1924 852 2002 praefuisset,
918 1924 1008 2000 periit
1063 1924 1228 2000 imperante
1286 1923 1364 1983 Gaio
1422 1942 1449 1982 a.
1498 1921 1539 1980 39

201 2027 275 2103 (Dio
298 2027 348 2100 59,
366 2024 430 2102 22).
466 2025 526 2086 Sed
553 2046 735 2103 quamquam
765 2026 869 2084 eodem
902 2036 1035 2101 tempore
1056 2025 1197 2085 Tiberius
1225 2044 1359 2085 socerum
1394 2024 1541 2095 inferiori,

199 2149 341 2208 generum
370 2129 517 2204 superiori
544 2129 689 2187 exercitui
716 2128 896 2204 praefecisse
925 2129 1050 2199 videtur,
1083 2140 1115 2187 ut
1142 2128 1217 2187 nihil
1243 2128 1367 2206 impedit
1392 2132 1436 2185 ita
1463 2127 1542 2185 nihil

199 2234 279 2310 cogit
313 2242 346 2290 ut
377 2244 536 2307 utrumque
563 2232 601 2289 ad
638 2240 763 2289 mortem
805 2249 899 2306 usque
920 2230 1036 2289 Tiberii
1067 2236 1097 2289 in
1132 2233 1236 2290 eodem
1276 2231 1373 2289 officio
1399 2249 1541 2306 perman·

201 2341 278 2394 sisse
313 2341 491 2393 statuamus.
548 2332 624 2392 Utut
665 2342 726 2404 est,
772 2350 807 2390 eo
848 2352 907 2409 quo
942 2332 1076 2392 Velleius
1118 2335 1242 2410 scripsit
1273 2344 1406 2410 tempore
1433 2352 1461 2390 a.
1500 2333 1541 2390 30

200 2437 356 2516 Apronius
381 2437 533 2495 etiamtum
559 2437 591 2494 in
612 2436 690 2495 vivis
718 2436 836 2495 videtur
856 2436 961 2494 inisse.
1023 2435 1136 2494 Postea
1157 2454 1217 2494 non
1239 2444 1486 2496 commemoratur
1513 2446 1545 2493 et

198 2548 232 2599 ut
253 2539 368 2599 Tiberii
398 2548 534 2614 tempora
560 2537 713 2614 effugerit,
745 2547 867 2616 propter
890 2546 1028 2597 exactam
1055 2548 1183 2597 aetatem
1210 2539 1262 2598 diu
1290 2556 1448 2614 superesse
1477 2558 1541 2597 non

202 2643 308 2720 potuit.
354 2639 435 2701 Satis
459 2649 557 2698 auteur
580 2648 705 2717 apparet
726 2639 763 2698 L.
786 2641 956 2717 Apronium
978 2649 1008 2699 et
1029 2652 1152 2718 propter
1174 2641 1333 2700 militarem
1359 2642 1543 2700 industriam

203 2753 234 2802 et
255 2750 378 2822 propter
405 2743 495 2801 fidem
523 2743 665 2801 adsersus
687 2744 896 2819 imperatorem
925 2744 962 2802 ab
990 2743 1160 2802 adulatione
1183 2743 1322 2819 (Tacitus
1346 2762 1414 2801 aun.
1440 2742 1468 2814 2,
1485 2743 1541 2819 32)

203 2864 263 2904 non
291 2846 421 2904 alienam
448 2846 526 2904 inter
552 2845 702 2921 principes
740 2846 847 2904 aetatis
880 2846 1061 2905 Tiberianae
1093 2848 1175 2904 viros
1208 2845 1308 2904 locum
1345 2846 1541 2922 conspicuum

204 2950 380 3008 obtinuisse.

288 3051 415 3109 Praeter
436 3049 515 3108 filias
537 3050 628 3122 duas,
662 3069 787 3126 quarum
810 3052 914 3127 nupsit
935 3051 1045 3122 altera,
1077 3059 1110 3110 ut
1131 3051 1220 3110 modo
1242 3052 1385 3123 vidimus,
1411 3050 1542 3110 Lentulo

206 3151 366 3213 Gaetulico
394 3151 511 3210 consuli
548 3170 575 3208 a.
600 3150 649 3221 26,
686 3153 778 3211 altera
803 3154 924 3212 Plautio
953 3153 1076 3214 Silvano
1107 3155 1239 3230 praetori
1267 3174 1293 3212 a.
1328 3153 1367 3211 24
1400 3153 1542 3230 (Tacitus

204 3275 273 3314 ann.
297 3256 327 3328 4,
344 3253 407 3330 22),
434 3254 530 3312 filium
558 3254 663 3312 habuit
688 3254 723 3313 L.
751 3256 920 3333 Apronium
947 3254 1144 3328 Caesianum,
1167 3257 1251 3315 cuius
1283 3257 1404 3333 plenum
1431 3276 1543 3315 nomeu

205 3366 328 3417 servant
355 3357 426 3415 fasti
453 3356 593 3415 Antiates
621 3357 680 3415 vol.
708 3360 722 3415 l
750 3378 780 3434 p.
804 3357 862 3415 327
894 3370 924 3417 et
949 3368 1017 3416 acta
1039 3358 1194 3417 Arvalium
1217 3378 1243 3416 a.
1267 3359 1306 3417 39
1337 3358 1380 3435 (p.
1401 3357 1543 3417 XLVIII

205 3459 356 3536 Henzen).
400 3460 547 3519 Meruisse
569 3478 636 3516 eum
659 3479 686 3517 a.
709 3480 737 3537 p.
754 3458 825 3519 Chr.
844 3459 882 3519 20
905 3461 935 3519 in
959 3460 1061 3519 Africa
1083 3461 1137 3519 sub
1159 3470 1245 3536 patre
1267 3479 1359 3538 supra
1380 3481 1419 3520 ex
1434 3461 1544 3520 Tacito

203 3563 387 3634 rettulimus,
417 3562 653 3638 confirmantque
682 3563 823 3620 carmina.
867 3561 1013 3640 Legatum
1044 3583 1111 3622 eum
1133 3565 1211 3640 patri
1238 3565 1270 3621 in
1292 3563 1427 3621 Africam
1449 3565 1544 3622 ivisse

206 3665 305 3724 adhuc
327 3664 385 3722 viri
407 3663 485 3722 docti
508 3671 676 3723 statuerunt
697 3683 758 3723 uon
781 3666 846 3725 sine
868 3665 1092 3743 probabilitate3
1124 3676 1156 3724 at
1182 3685 1249 3723 curn
1272 3665 1331 3723 iam
1350 3685 1389 3724 ex
1412 3667 1545 3725 carmine

206 3767 398 3843 intellegatur
416 3765 511 3823 filium
531 3785 567 3824 eo
583 3776 716 3844 ternpore
732 3768 890 3845 pueritiam
906 3769 958 3827 vix
981 3786 1134 3844 egressum
1161 3787 1258 3844 neque
1279 3768 1341 3826 ullo
1363 3769 1545 3844 magistratu

207 3871 362 3929 etiamtum
388 3868 521 3927 functum
549 3887 650 3946 pugna
673 3881 806 3948 tempore
832 3889 891 3929 non
920 3872 1082 3942 senatoris,
1110 3872 1163 3929 sed
1190 3871 1299 3947 equitis
1325 3870 1453 3929 Romani
1476 3871 1545 3930 loco

205 3972 312 4044 fuisse,
338 3988 398 4029 non
420 3971 536 4048 legatus
558 3983 673 4046 patrem
696 3975 854 4031 comitatus
877 3983 933 4045 est,
956 3972 1008 4030 sed
1031 3983 1084 4031 aut
1105 3973 1242 4032 tribunus
1264 3972 1392 4031 militum
1414 3973 1544 4050 legionis

207 4074 262 4133 ivit
298 4080 350 4130 aut
383 4090 482 4131 comes
510 4076 715 4133 tautummodo
752 4086 781 4133 ct
812 4075 1044 4134 contubernalis.
1083 4075 1355 4158 ¹Septemviratum
1382 4094 1449 4133 eum
1471 4096 1544 4135 rnox

209 4175 365 4255 accepisse
386 4182 510 4250 propter
530 4176 649 4235 laudem
669 4178 751 4236 bello
773 4178 832 4235 sibi
853 4188 968 4255 partam
991 4197 1030 4235 ex
1053 4177 1109 4236 hoc
1131 4177 1216 4236 titulo
1239 4178 1404 4254 colligitur3
1428 4178 1545 4237 scilicet

211 4298 279 4338 cum
301 4286 423 4355 propter
438 4286 565 4336 aetatem
580 4280 772 4356 magistratus
787 4298 944 4357 capessere
967 4300 1026 4338 non
1048 4290 1161 4356 posset,
1188 4280 1356 4339 sacerdotio
1379 4289 1544 4340 exornatus

208 4392 256 4442 est
282 4381 335 4458 (ci.
363 4380 430 4438 Liv.
453 4381 505 4451 40,
532 4380 581 4452 42,
603 4382 631 4440 8.
655 4380 705 4454 42,
726 4381 775 4453 28,
791 4382 853 4458 13).
898 4382 1015 4442 Deinde
1050 4403 1077 4441 a.
1105 4383 1144 4441 39
1172 4384 1334 4460 cum-ipso
1362 4383 1545 4459 imperatore

210 4481 290 4544 Gaio
311 4484 409 4542 fasces
442 4502 510 4541 eum
542 4484 673 4559 gessisse
705 4484 776 4543 fasti
809 4486 946 4543 Antiates
982 4495 1012 4543 et
1043 4494 1110 4543 acta
1130 4485 1288 4544 Arvalium
1309 4486 1473 4544 docuerunt
1501 4487 1546 4544 ita

209 4595 398 4663 comparata,
431 4592 464 4643 ut
495 4603 554 4644 uon
576 4585 683 4644 iterum
722 4596 799 4658 tum,
827 4587 880 4646 sed
906 4587 1035 4662 primurn
1062 4607 1129 4646 eum
1156 4587 1318 4646 consulem
1335 4588 1446 4646 factum
1474 4607 1545 4649 esse

213 4690 389 4760 ostendant3
423 4688 503 4765 quod
536 4706 642 4747 moneo
674 4699 797 4766 propter
824 4709 954 4749 errorem
982 4710 1001 4749 a
1021 4688 1205 4767 Nipperdeio
1232 4689 1263 4747 in
1291 4689 1484 4751 adnotatione
1507 4693 1547 4751 ad

210 4792 348 4851 Tacitum
371 4811 439 4851 ann.
463 4792 491 4865 3,
508 4789 544 4849 21
576 4792 779 4852 commissum.
823 4793 984 4852 Praeterea
1010 4791 1153 4851 memoria
1178 4793 1243 4850 eius
1270 4811 1330 4851 non
1352 4801 1449 4867 extat,
1482 4795 1545 4854 nisi

210 4895 290 4972 quod
326 4895 365 4952 ad
397 4913 464 4953 eum
499 4895 649 4973 pertinere
684 4895 822 4954 videntur
857 4914 935 4971 quae
964 4895 1080 4955 Plinius
1117 4895 1208 4954 tradit
1234 4894 1264 4954 h.
1285 4915 1315 4952 n.
1334 4895 1382 4968 ll,
1403 4893 1545 4967 37,2l3:

212 4995 250 5055 L.
276 4997 392 5073 Aproni
419 4998 577 5056 consularis
603 5001 661 5055 ciri
682 4997 746 5073 filio
773 4999 912 5058 detractos
940 4999 1039 5074 adipes
1072 4998 1246 5075 leuatumque
1280 5015 1383 5075 corpas
1410 5000 1547 5058 immobili

212 5117 304 5159 onere.
348 5100 439 5177 Apud
462 5100 587 5159 eundem
610 5119 685 5176 quae
706 5101 897 5161 nominantur
918 5119 1020 5161 cerasa
1035 5100 1208 5177 Aproniana
1230 5099 1273 5177 (h.
1288 5119 1318 5161 u.
1336 5101 1385 5174 15,
1400 5097 1452 5176 25,
1468 5099 1545 5179 102)

213 5201 293 5262 uude
314 5220 423 5263 nomeu
445 5204 603 5278 traxerint,
627 5203 792 5282 ignoratur.
