3458 6292
205 537 274 606 166
782 556 960 607 noussen:

200 658 222 664 -
236 657 397 665 .—.—--—
417 658 540 665 ..---—1.
562 660 568 665 .
581 660 586 664 -
915 660 987 665 ——-

560 753 595 843 nr
612 786 619 799 .
636 727 773 844 siuttiis
799 753 836 843 in
852 784 859 798 .
876 753 900 798 n
918 784 925 798 .
941 725 1078 843 printiis
1095 750 1155 842 .m

563 870 598 981 a]
610 885 706 959 ldilis
723 945 730 959 .
751 885 843 1001 elralr
859 942 866 957 .
882 889 978 957 vlam
995 942 1002 956 .
1018 885 1195 1001 te1·e1nn[a

566 1042 597 1140 t]
610 1054 711 1115 tens.
727 1053 791 1115 ant
805 1100 813 1114 .
827 1047 1016 1158 punttram
1033 1104 1040 1118 .
1057 1042 1133 1158 stat
1135 1042 1164 1141 [i

555 1226 662 1316 anam
679 1258 686 1272 .
702 1206 764 1274 vlu
781 1258 789 1272 .
804 1210 1048 1317 terernnatust
1063 1256 1070 1271 .
1086 1224 1153 1299 per

555 1357 590 1430 X
605 1417 613 1430 .
628 1365 731 1432 iussu
748 1414 756 1431 .
771 1364 830 1431 vla
845 1417 852 1431 .
868 1357 1105 1457 pumpaiiana
1120 1415 1127 1429 .
1143 1369 1200 1474 ter

556 1528 763 1590 emnattens
778 1574 785 1589 .
801 1516 912 1614 perek
928 1571 936 1588 .
952 1514 1006 1589 lll
1023 1573 1031 1588 .
1047 1526 1113 1588 ant
1127 1570 1135 1587 .
1151 1515 1211 1631 kal

555 1675 592 1747 la
607 1732 614 1748 .
630 1674 744 1748 iureis
761 1731 768 1746 .
785 1674 994 1748 meellkiiels
1010 1729 1018 1746 .
1034 1674 1140 1747 ekass
1156 1731 1163 1746 .
1180 1679 1217 1789 vl

556 1858 615 1906 ass
632 1838 704 1904 ‚inl
720 1890 728 1905 .
744 1838 804 1905 vla
819 1890 826 1904 .
842 1831 952 1905 iriviia
967 1890 974 1905 .
990 1837 1040 1904 inl
1056 1885 1064 1903 .
1080 1830 1236 1948 delrlrvia

555 1997 624 2064 rirn
640 2047 647 2062 .
664 1990 839 2065 mcdllrels
855 2048 862 2062 .
877 1989 1141 2090 pdmpaiianels

557 2148 725 2223 serevlrid
742 2205 749 2220 .
766 2147 934 2222 imaden.
951 2175 1111 2251 nupseris
1126 2207 1134 2222 .
1151 2155 1189 2221 lu

557 2334 598 2381 su
615 2364 622 2379 .
639 2306 757 2381 aldilis
783 2308 991 2407 prufattens

442 2513 542 2572 Maius
564 2512 680 2574 Suttius
702 2515 774 2574 Maii
796 2516 816 2574 f.
839 2515 996 2574 Numisius
1018 2513 1144 2572 Pontius
1165 2513 1236 2572 Maii
1258 2512 1279 2572 1.

444 2617 558 2674 aediles
580 2618 628 2675 hic
651 2618 730 2675 viam
753 2619 890 2676 termina-

444 2727 550 2777 verunt
571 2728 640 2777 ante
661 2731 782 2797 pontem
806 2717 903 2779 Stabi-

443 2839 543 2879 anum.
576 2822 635 2879 Via
656 2823 815 2880 terminata
837 2828 883 2879 est
904 2821 1000 2897 cippis

442 2922 483 2980 X.
528 2923 622 2981 Iidem
645 2925 723 2982 viam
746 2922 960 3000 Pompeianam
981 2934 1039 2979 ter·

444 3025 631 3083 minaverunt
652 3026 749 3102 cippis
770 3025 820 3082 Ill
842 3036 911 3084 ante
933 3042 999 3082 cac·

444 3125 538 3185 latum
562 3127 708 3204 (signum)
731 3127 811 3185 Iuris
832 3126 986 3187 Meilichii.
1029 3126 1094 3185 Has
1118 3126 1163 3184 vi-

445 3247 478 3287 as
499 3240 528 3287 et
549 3231 629 3288 viam
650 3230 766 3288 Ioviarn
789 3248 824 3287 ac
845 3231 981 3288 decuma·

444 3349 513 3388 nam
534 3332 663 3391 medices
684 3331 862 3407 Pompeiani

444 3433 541 3493 solide
562 3436 599 3494 ab
622 3435 680 3492 ima
703 3433 815 3509 (parte)
838 3434 953 3510 operati
975 3440 1054 3506 sunt,
1076 3435 1110 3493 ii·

443 3536 511 3595 dem
533 3537 645 3595 aediles
667 3536 877 3613 probauerunt.

283 3692 361 3753 Dedi
383 3695 503 3753 titulum
524 3713 562 3750 ex
584 3692 681 3768 efligie
703 3712 721 3749 a
743 3711 790 3750 me
812 3693 970 3765 delineata,
992 3712 1084 3770 quam
1105 3712 1199 3770 nuper
1220 3712 1267 3751 me
1289 3702 1422 3770 rogante
1439 3692 1481 3755 G.
1498 3694 1537 3755 de

198 3796 290 3855 Petra
311 3797 409 3854 denuo
432 3814 498 3854 cum
521 3794 620 3870 lapide
642 3803 844 3871 comparatam
866 3804 896 3854 et
917 3796 1099 3874 recognitam
1120 3796 1273 3873 probarit,
1301 3796 1418 3855 collato
1442 3796 1537 3856 etiam

198 3907 304 3974 ectypo
327 3916 347 3954 a
368 3897 405 3956 R.
422 3894 556 3957 Schoene
578 3897 669 3955 misso
697 3915 763 3955 curn
788 3897 843 3955 illa
868 3878 957 3974 plane
978 3911 1169 3975 congruente.
1211 3898 1347 3957 Primum
1369 3898 1538 3959 ediderunt

197 4007 227 4058 et
242 4000 427 4075 interpretati
446 4008 516 4057 sunt
530 3999 648 4057 titulum
664 3998 828 4068 auserunt,
849 4000 987 4059 Memorio
999 4000 1175 4059 Erculaneae
1195 3998 1360 4061 u‘arctoot
1382 4000 1449 4061 l'ol
1463 4002 1536 4073 VII,

198 4102 331 4177 Append.
350 4121 383 4178 p.
402 4102 422 4160 9
443 4119 501 4177 tq„
534 4099 689 4174 Garrnrct,
713 4101 732 4158 l.
748 4120 771 4159 c.
792 4121 822 4177 p.
838 4101 877 4161 22
898 4120 958 4177 aq„
989 4100 1158 4173 Quaranta,
1182 4104 1202 4161 1.
1217 4120 1241 4161 c.
1261 4122 1293 4179 p.
1307 4102 1345 4162 61
1365 4121 1430 4181 aq„
1452 4104 1535 4163 unde

196 4202 325 4274 Hermen,
349 4202 430 4261 Bull.
453 4204 481 4260 d.
497 4204 569 4261 Inat.
591 4221 620 4260 a.
636 4204 672 4260 R.
694 4204 788 4275 1852,
806 4223 838 4279 p.
858 4206 900 4262 87
920 4213 950 4262 et
970 4203 1116 4275 Fabretti,
1142 4202 1174 4263 G.
1190 4206 1217 4263 I.
1233 4204 1301 4263 Ital.
1325 4214 1345 4262 t.
1360 4204 1425 4277 LI,
1440 4208 1534 4267 2785.

196 4306 376 4363 Accuratam
398 4304 644 4382 magnificumque
665 4305 870 4381 inscriptionis
892 4306 1018 4382 effigiem
1034 4306 1248 4365 conficiendam
1263 4306 1382 4366 curarit
1396 4306 1535 4382 Fiorclla',

197 4406 326 4466 Moneta.
350 4410 440 4485 epigr.
464 4407 589 4483 Pompei.
612 4406 668 4466 tub.
683 4407 705 4463 I
708 4450 715 4478 ‚
735 4408 803 4482 qud
824 4426 867 4483 sq.
911 4408 1191 4485 Interpretationcm
1213 4406 1279 4468 eius
1299 4416 1391 4468 cauta
1411 4410 1535 4470 ratione

197 4508 236 4565 ad
261 4509 380 4585 linguae
403 4508 502 4569 Oscae
524 4510 606 4587 leges
632 4517 846 4567 revocaverunt
868 4508 1020 4584 Ausrcclrt,
1046 4510 1081 4568 Z.
1097 4511 1127 4585 s.
1149 4510 1236 4587 cerpl.
1259 4510 1476 4589 Spr.11,55‚
1504 4520 1536 4573 et

196 4609 355 4686 Kirclriroff,
372 4611 493 4687 Allyem.
507 4610 699 4669 Monctsscir.
715 4610 808 4682 1852,
826 4629 859 4686 p.
874 4612 914 4669 57
918 4611 937 4667 8
943 4633 955 4680 ,-
975 4613 1121 4688 quaedam
1137 4612 1238 4672 addidi
1252 4630 1320 4691 ego,
1339 4613 1378 4671 Ζ.
1394 4616 1425 4691 s.
1439 4614 1535 4691 cergi.

197 4710 268 4787 Spr.
287 4713 322 4784 V,
344 4713 400 4772 126
421 4732 476 4788 aq„
500 4713 624 4789 Auacpr.
641 4713 688 4785 ΙΙ,
706 4712 763 4770 179
783 4722 840 4772 not.
858 4715 883 4783 1,
907 4715 949 4771 ed.
967 4713 997 4788 2,
1019 4714 1147 4791 denique
1167 4714 1307 4789 Eadem,
1328 4714 1483 4777 Fumant.
1505 4716 1535 4775 d.

200 4814 270 4871 Oak.
286 4814 356 4891 Spr.
378 4835 406 4873 n.
422 4815 464 4886 X,
488 4817 524 4890 cs.
544 4814 675 4874 Glossar.

281 4914 370 4975 Hunc
392 4917 509 4976 titulum
533 4936 598 4975 cum
621 4896 892 4994 neminem¹fugere
915 4919 1012 4995 possit
1033 4920 1140 4978 summi
1163 4919 1306 4979 momenti
1326 4936 1400 4979 esso
1421 4920 1464 4981 ad
1486 4938 1535 4981 oo-

196 5019 397 5094 gnoscendum
424 5019 581 5097 regionum
608 5027 638 5077 et
666 5021 867 5080 aedificiorum
896 5020 1000 5098 oppidi
1026 5019 1241 5097 Pompeiorum
1267 5028 1396 5095 atam,
1429 5024 1536 5103 qualis

197 5115 376 5178 Samnitium
398 5129 495 5179 aetate
518 5121 621 5194 fuerit,
648 5121 746 5181 iacere
768 5143 830 5182 non
854 5141 993 5199 possum,
1019 5122 1092 5199 quin
1114 5123 1151 5181 de
1172 5121 1328 5183 vocabulis
1349 5122 1449 5187 Oscis
1471 5126 1538 5187 dus
1572 5144 1578 5187 t

191 5239 255 5295 per.
280 5246 317 5270 =
336 5221 451 5298 percle,
474 5222 572 5317 kailal,
605 5220 801 5295 deliciarim,
823 5223 957 5284 aerecicid
987 5225 1090 5302 paucis
1112 5224 1259 5287 hocloco
1279 5240 1387 5305 agam,
1412 5248 1456 5291 rto
1477 5228 1538 5291 viri

1449 5332 1578 5447 'l
