3458 6292
279 497 348 565 182
846 516 1025 569 coessnn:

361 689 453 747 Catal.
476 692 511 763 os
528 690 572 747 the
592 688 644 747 Gr.
668 694 739 746 coia.
756 691 832 749 Brit.
849 690 928 747 Mus.
944 690 1014 747 Ital.
1033 709 1066 765 p.
1082 689 1143 759 121,
1165 709 1194 746 a.
1213 693 1240 748 7.
1284 689 1384 746 Huius
1407 692 1519 748 nummi
1542 691 1601 746 duo

275 790 371 849 adhuc
393 792 577 866 exemplaria
599 793 803 864 innotuerunt,
833 811 958 867 quorum
980 793 1104 850 alterum
1126 795 1157 849 in
1180 805 1332 867 segmento
1358 797 1492 867 posticae
1514 792 1603 850 babet

274 892 401 951 litteras:
426 895 573 975 depuinam
595 912 649 966 ru.
665 892 669 967 l
683 939 689 952 .
703 915 762 965 aa,
784 895 923 953 alterum:
948 899 1093 971 equinum
1113 913 1168 951 ra.
1183 895 1187 970 l
1202 938 1209 950 .
1222 913 1296 966 anna,
1319 898 1361 951 ita
1375 907 1483 965 tamen,
1506 907 1537 951 ut
1558 896 1603 951 ul-

275 1000 348 1052 tima
368 994 468 1053 littera
489 1015 548 1054 non
571 1001 652 1055 omui
679 996 861 1055 dubitatione
888 1004 1028 1073 exempta
1054 1001 1093 1054 sit
1119 992 1265 1071 (Frena,
1294 995 1362 1054 Oclc.
1385 996 1484 1054 lione.
1509 1006 1526 1054 t.
1544 998 1601 1066 IV,

275 1097 350 1155 Noc.
368 1098 397 1170 2,
417 1117 449 1173 p.
467 1097 519 1168 22,
537 1098 556 1155 2
571 1098 638 1174 ap).
672 1099 736 1156 Iam
752 1118 821 1156 vero
843 1109 1016 1174 comparato
1036 1101 1131 1154 musei
1146 1097 1311 1156 Britannici
1334 1098 1507 1174 exemplari,
1531 1117 1602 1173 quo-

276 1203 355 1257 niam
376 1219 423 1256 nm
446 1199 559 1258 detritis
581 1212 632 1259 aut
651 1205 771 1259 omissis
786 1200 963 1278 quibusdam
985 1204 1049 1277 typi
1071 1199 1258 1257 lineamentis
1280 1201 1367 1259 facile
1390 1219 1428 1257 ex
1450 1220 1516 1257 num
1539 1219 1602 1257 cor-

275 1306 373 1378 rumpi
401 1311 533 1378 poterat,
561 1307 592 1361 in
618 1304 665 1362 his
686 1305 825 1363 omnibus
853 1307 982 1361 nummis
1005 1302 1120 1360 videtur
1142 1306 1285 1378 scriptum
1308 1303 1414 1360 luisse:
1442 1304 1603 1378 Depvinam

275 1406 478 1476 Ra..anum,
507 1409 550 1463 ita
571 1417 603 1463 ut
624 1406 672 1463 hie
693 1404 854 1464 habeamus
875 1403 936 1462 duo
957 1408 1104 1482 genitivos
1130 1402 1259 1480 pluralis
1281 1405 1412 1463 eiusdem
1434 1410 1549 1481 generis
1571 1415 1603 1462 ut

276 1506 459 1564 Nuulccinam
481 1506 701 1583 (Nuukirinum)
717 1505 928 1583 Alasaternum.
965 1504 1041 1564 Illos
1057 1522 1129 1564 vero
1151 1511 1298 1582 genitivos
1321 1506 1360 1564 ad
1374 1505 1515 1565 Castores
1536 1527 1602 1583 per-

275 1613 383 1681 tinere,
406 1613 462 1667 uiri
484 1613 527 1667 rei
550 1610 734 1668 nummariae
756 1613 843 1687 periti
865 1627 925 1667 nou
947 1618 1055 1666 temere
1076 1612 1280 1680 coniecerunt,
1303 1596 1505 1668 demonstrare
1527 1608 1602 1666 dilli-

277 1713 333 1770 cile
347 1723 402 1784 est,
424 1713 517 1770 donec
539 1711 692 1789 exemplar
712 1711 826 1770 nummi
848 1729 915 1770 cum
936 1712 1054 1787 integra
1074 1714 1265 1786 inscriptione
1287 1715 1318 1770 in
1333 1710 1428 1770 iucem
1449 1710 1602 1788 prodierit.
1630 1738 1635 1746 ·

1527 1957 1602 1964 —-—-

805 2381 1076 2445 SURRENTUM.

277 2553 334 2612 66.
358 2553 512 2630 Amphora
532 2553 654 2611 iuventa
679 2552 710 2610 in
746 2551 811 2610 Vero
835 2551 970 2628 Equensc
996 2555 1088 2611 uicino
1117 2573 1137 2612 a
1156 2547 1313 2626 'Sorrcata
1341 2572 1420 2612 nunc
1445 2555 1477 2612 in
1499 2573 1604 2613 museo

319 2654 532 2734 Neapolitano,
553 2656 583 2714 iu
606 2673 682 2715 ansa
701 2655 792 2714 habet
812 2655 948 2713 titulum:

838 2789 1026 2890 papesavfi

796 2927 802 2950 ‘
836 2932 953 3008 Papius
975 2933 1092 2992 Aulius.

360 3072 577 3147 Apographum
600 3071 670 3128 mibi
694 3071 829 3146 praebuit
850 3071 908 3128 Tb.
924 3070 1101 3128 Mommsen.
1123 3069 1218 3145 Paper
1240 3077 1286 3128 est
1307 3070 1505 3129 nominativus
1527 3070 1603 3127 eius·

277 3173 343 3230 dem
365 3174 478 3232 formae
499 3194 534 3232 ac
557 3173 688 3234 Σεστες
710 3172 900 3231 Lucanorum
928 3172 980 3249 (cs.
1002 3194 1031 3230 n.
1053 3171 1117 3248 96),
1139 3171 1205 3247 Avfi
1226 3171 1293 3230 ΞΜ
1330 3190 1385 3248 pro
1408 3177 1481 3230 -iue
1503 3173 1603 3229 termi-

276 3284 375 3346 natus,
413 3285 444 3335 ut
466 3275 574 3352 Puapi,
607 3275 705 3346 Helvi,
742 3274 812 3334 Silii
838 3275 1024 3347 nominativi,
1059 3275 1176 3333 videtur
1209 3291 1374 3350 cognomen
1407 3293 1473 3334 esse
1501 3274 1605 3332 eadem

277 3379 372 3455 stirpe
394 3385 492 3436 ortum
514 3397 581 3437 cunr
603 3376 712 3436 Latino
734 3378 910 3454 cognomine
932 3378 1105 3453 Aufidianus
1128 3385 1247 3436 etcum
1268 3377 1439 3436 nominibus
1459 3377 1605 3452 Aufidius,

277 3479 445 3556 Aufidenae,
468 3478 636 3555 Aufidienae
664 3480 777 3555 Osdiae,
804 3479 883 3557 Ofiua
898 3478 1029 3556 (Aestas)
1052 3479 1131 3553 aliis,
1154 3498 1282 3556 quorum
1303 3489 1351 3539 est
1370 3480 1511 3558 frequens
1532 3497 1605 3537 usus

276 3583 308 3640 in
330 3583 504 3662 regionibus
519 3582 670 3658 quondam
686 3582 787 3643 Oscis.

634 4253 886 4315 OAMPANIAE
911 4255 1023 4317 LOCA
1048 4255 1247 4317 INCERTA.

279 4439 336 4498 67.
373 4440 519 4498 Poculum
541 4441 631 4499 fictile
652 4447 738 4520 nigro
753 4443 852 4501 colore
874 4447 975 4501 inusto
998 4463 1065 4502 cum
1087 4463 1147 4502 una
1167 4460 1242 4501 ansa
1262 4447 1293 4500 in
1313 4442 1484 4501 collectione
1506 4462 1604 4499 rerum

319 4542 510 4618 antiquarum
532 4544 563 4601 di
586 4543 690 4602 Orazio
711 4543 837 4602 Pasoule
858 4546 916 4603 alle
939 4544 1032 4615 Carti,
1060 4545 1090 4603 in
1117 4549 1200 4603 cuius
1228 4546 1325 4603 fronte
1352 4546 1478 4623 graphio
1501 4545 1604 4603 inscri-

319 4654 402 4718 ptum
424 4656 486 4704 est:

483 4781 574 4856 mais
591 4839 598 4855 .
616 4781 758 4856 kaluvls
946 4803 1047 4862 Maius
1069 4800 1213 4862 Caluvius
1237 4801 1400 4880 (Oalrius).

364 4985 517 5058 Garrucci,
539 4988 659 5047 Memor.
676 4989 776 5048 Ercol.
795 4987 823 5046 d’
839 4988 918 5046 arel.
932 4988 1002 5059 VII,
1023 4990 1158 5066 Append.
1177 5009 1210 5065 p.
1229 4989 1281 5049 25.
1317 4989 1451 5060 Feretri,
1474 4989 1559 5048 Scae.
1576 4991 1603 5048 d.

277 5086 380 5163 Pomp.
401 5090 429 5160 I,
452 5090 543 5160 1850,
562 5109 595 5165 p.
611 5089 688 5163 XII,
709 5102 764 5150 aot.
787 5089 847 5160 20,
874 5088 942 5147 iude
965 5090 1108 5163 Febrem,
1140 5091 1169 5150 0.
1192 5091 1218 5149 I.
1240 5091 1309 5149 Ital.
1335 5091 1423 5150 2839.
1468 5092 1604 5163 Eutimia,

280 5189 421 5248 Formenl.
445 5191 473 5249 d.
495 5189 565 5249 Oea.
582 5190 650 5266 Spr.
673 5213 701 5251 n.
717 5192 787 5265 XL,
802 5195 826 5251 1.
902 5230 908 5240 ·
