3682 5964
611 601 686 652 unx
705 601 786 652 con.
807 599 1035 651 ouuurrvau.
1417 582 1486 652 125

160 703 277 710 ——--—
299 704 412 710 ——--
440 705 531 712 —-—
567 703 697 712 -η--ι--ι

230 771 352 832 CXXX
397 775 425 849 7,
442 773 572 835 39-51
670 773 799 836 Senator
818 774 923 852 populi
944 773 1074 833 Romani
1096 776 1215 851 quando
1236 783 1382 852 patronus
1397 778 1489 853 adop·

403 901 405 909 ·
722 878 778 936 tari
801 879 899 954 possit
1241 898 1270 954 p.
1290 878 1487 956 145.146sq.

212 977 354 1038 CXXXI
397 982 428 1053 t,
443 979 482 1041 52
492 1012 529 1023 -
540 979 568 1053 8,
587 981 623 1040 13
674 978 801 1042 Senator
822 979 924 1057 populi
938 979 1078 1038 Romani·
1089 979 1208 1056 quando
1225 980 1337 1071 hospes
1352 983 1489 1059 adoptari

723 1082 821 1160 possit
1241 1103 1270 1160 p.
1289 1085 1357 1142 145.
1377 1085 1488 1160 146sq.

199 1182 351 1244 CXXXII
395 1185 424 1257 8,
443 1185 571 1245 14-33
670 1184 789 1244 Patitor
813 1185 989 1261 largitiones
1010 1203 1047 1242 ue
1068 1184 1159 1243 saciat
1180 1204 1254 1244 neve
1276 1187 1414 1246 convivia
1435 1207 1489 1264 pu·

721 1286 800 1345 blica
820 1286 871 1344 det
1326 1308 1355 1365 p.
1375 1288 1487 1365 139sq.

179 1388 354 1450 CXXXIII
397 1389 426 1462 8,
441 1390 570 1450 34-38
669 1389 811 1448 Mulieres
833 1388 1006 1448 colonorum
1028 1390 1164 1449 coloniae
1183 1391 1299 1468 legibus
1317 1398 1350 1449 ut
1363 1401 1489 1470 pareant

1381 1512 1411 1570 p.
1430 1492 1487 1551 126

183 1593 352 1655 CXXXIV
395 1595 425 1667 8,
441 1596 571 1655 39-47
585 1639 592 1654 .
606 1641 613 1656 .
628 1637 647 1658 .,
669 1595 855 1655 Decuriones
878 1595 916 1653 ab
938 1595 1065 1655 decretis
1087 1596 1329 1656 remuneratoriis
1351 1596 1489 1654 ambitio-

721 1698 763 1757 sis
787 1707 819 1756 ut
840 1699 1009 1756 abstineant
1295 1717 1323 1775 p.
1343 1699 1410 1758 138.
1430 1699 1487 1757 145

242 2395 377 2456 Colonos
400 2396 514 2456 divisos
535 2415 603 2456 esse
624 2397 656 2455 in
678 2396 773 2455 tribus
796 2396 863 2455 iude
885 2396 1020 2467 efficitur,
1042 2396 1121 2474 quod
1143 2396 1334 2472 magistratus
1349 2406 1487 2455 creantur
1515 2401 1616 2451 Coloni.

153 2520 212 2576 pro
233 2500 310 2558 tribu
330 2497 452 2575 (4,18).
485 2499 547 2558 Eas
562 2499 656 2559 tribus
673 2488 735 2557 non
748 2479 958 2576 fuisse'populi
973 2499 1112 2570 Romani,
1134 2499 1186 2557 sed
1202 2498 1339 2574 proprias
1354 2498 1490 2558 coloniae
1521 2498 1615 2548 Tribus

156 2603 247 2662 buius
270 2601 319 2660 vel
339 2602 409 2661 inde
430 2601 624 2680 intellegitur,
646 2602 727 2678 quod
745 2600 887 2661 Caesaris
910 2609 1007 2659 aetate
1031 2603 1080 2660 uni
1102 2601 1159 2660 soli
1181 2619 1220 2659 ex
1242 2601 1346 2677 populi
1361 2601 1490 2660 Romani
1578 2671 1581 2678 1

155 2706 297 2764 tribubus
321 2711 352 2762 ut
373 2704 552 2780 reliquarum
576 2704 761 2762 coloniarum
776 2703 1062 2780 municipiorumque
1078 2704 1121 2762 ita
1136 2703 1223 2762 etiam
1240 2703 1374 2762 coloniae
1390 2701 1489 2762 Gene-

154 2809 236 2866 tIvae
264 2807 345 2866 cives
372 2806 541 2880 adscriptos
568 2805 662 2864 fuisse
689 2815 801 2863 certum
824 2815 870 2864 est
892 2815 921 2863 et
941 2805 1140 2880 exploratum.
1182 2805 1258 2864 Post
1279 2814 1396 2881 reperta
1418 2824 1491 2864 aera

156 2908 388 2984 municipiorum
410 2907 512 2966 Latini
539 2908 612 2966 iuris
635 2909 769 2966 Malacae
796 2918 825 2965 et
848 2905 1012 2983 Salpensae
1040 2907 1205 2967 communis
1232 2908 1335 2982 opinio
1362 2908 1491 2966 obtinuit

154 3030 204 3071 res
233 3010 371 3074 dublieas
398 3011 512 3069 formae
534 3010 687 3069 Romanae
714 3029 817 3069 omues
845 3010 1021 3069 distributas
1047 3010 1140 3068 luisse
1166 3010 1316 3082 curiatim3
1347 3027 1383 3067 ea
1411 3011 1490 3069 euim

154 3114 308 3172 ordinatio
335 3121 365 3170 et
390 3113 419 3170 in
447 3113 508 3171 illis
535 3113 706 3172 introducta
732 3123 779 3171 est
805 3120 836 3170 et
861 3112 932 3171 alibi
961 3113 1073 3188 passim
1095 3112 1280 3184 observatur,
1308 3112 1436 3170 maxime
1459 3113 1489 3171 in

155 3216 262 3274 Africa
289 3221 332 3286 (v.
356 3214 530 3290 Marquardt
552 3214 826 3290 Staoteoerwalmnp
852 3214 982 3289 1‚467).
1027 3214 1090 3273 Iam
1119 3233 1189 3273 vero
1215 3232 1281 3272 cum
1308 3215 1412 3292 negari
1439 3233 1490 3272 ne·
1580 3256 1582 3268 .

154 3327 249 3394 queat
272 3317 419 3375 coloniam
442 3318 518 3376 banc
545 3337 563 3374 a
582 3314 714 3377 Caesare
735 3317 880 3375 dictatore
902 3337 967 3375 cum
990 3335 1056 3374 eam
1078 3317 1237 3375 deduceret
1257 3316 1389 3375 tributim
1412 3317 1490 3375 ordi-

154 3429 258 3479 natam
281 3436 358 3489 esse,
380 3420 581 3495 accedantque
603 3420 683 3478 tituli
705 3419 841 3479 coloniae
856 3422 1012 3494 Augustae
1025 3419 1164 3495 Lilybaei
1182 3439 1246 3476 earn
1262 3438 1323 3476 rem
1340 3419 1489 3497 publicam

153 3521 313 3581 duodecim
336 3521 465 3579 tribuum
487 3521 581 3581 fuisse
603 3521 845 3597 declarantes1),
868 3522 948 3578 haud
971 3524 1031 3580 scio
1054 3539 1092 3580 an
1113 3520 1239 3578 Latinae
1261 3522 1376 3580 formae
1401 3521 1490 3580 rebus

154 3624 287 3702 publicis
313 3633 343 3681 et
367 3631 527 3700 propterea
554 3624 724 3700 municipiis
754 3633 814 3681 tam
842 3624 980 3701 propriae
1008 3624 1119 3681 suerint
1148 3623 1247 3681 curiae
1275 3641 1365 3699 quam
1395 3624 1490 3682 tribus

155 3727 266 3784 civium
283 3725 488 3785 Romanorum
510 3726 636 3784 coloniis
657 3725 695 3784 ad
716 3726 812 3802 ipsius
834 3726 949 3785 Rornae
970 3725 1129 3801 imaginem
1151 3726 1314 3801 expressis.
1347 3723 1416 3784 Non
1439 3725 1490 3784 ob·

154 3837 233 3898 stat,
259 3828 339 3903 quod
366 3829 396 3885 iu
423 3828 543 3906 oppidis
564 3829 714 3887 Africanis
740 3836 800 3886 tam
828 3828 997 3905 municipiis
1022 3845 1112 3903 quam
1135 3829 1261 3886 coloniis
1283 3827 1367 3886 solae
1389 3829 1490 3886 curiae

155 3930 366 4000 inveniuntur3
392 3949 460 3990 nam
483 3949 520 3989 ea
542 3939 649 4002 aetate,
672 3949 732 4007 qua
752 3930 890 3987 instituta
912 3928 1049 3989 Romana
1071 3931 1100 3986 in
1124 3929 1255 3988 Africam
1278 3925 1489 4007 migraverunt,

155 4032 530 4109 coloniae·municipiique
548 4033 747 4110 proprietates
762 4052 815 4110 per
829 4032 1111 4091 eontamInationem
1125 4032 1239 4091 formae
1260 4031 1416 4107 utriusque
1429 4032 1489 4089 iam

156 4145 212 4193 aut
239 4145 425 4193 evanuerant
449 4145 501 4193 eut
522 4136 749 4195 evanescebant.
794 4133 934 4194 Ceterum
957 4135 1055 4194 curias
1076 4135 1231 4209 tribusque
1253 4135 1372 4191 nomino
1393 4135 1489 4210 magis

158 4256 251 4314 quam
273 4257 305 4294 re
327 4235 446 4296 differre
467 4245 497 4295 et
518 4238 590 4296 alibi
612 4238 814 4302 demonstravi
836 4245 866 4294 et
887 4244 989 4295 notum
1011 4245 1058 4295 est
1078 4237 1167 4295 bodie
1188 4236 1461 4314 pervulgatumquo.

244 4339 361 4398 Incolae
387 4349 656 4400 commemorantur
682 4347 802 4415 quater,
830 4338 945 4398 scilicet
969 4340 1021 4397 ubi
1046 4339 1146 4416 agitur
1172 4338 1208 4396 de
1233 4338 1297 4396 iure
1324 4339 1487 4398 testimonii
1512 4341 1618 4392 Incolae

156 4441 355 4500 denuntiandi
378 4441 405 4514 1,
423 4441 450 4513 6,
472 4453 502 4501 et
525 4442 574 4500 ubi
596 4443 695 4518 agitur
716 4441 752 4500 de
772 4441 937 4500 munitione
952 4450 981 4500 et
996 4441 1032 4500 de
1048 4441 1222 4500 defensione
1237 4441 1372 4500 coloniae
1394 4442 1422 4512 3,
1439 4441 1487 4499 33.

162 4617 368 4629 --—-—·

239 4729 262 4792 ¹)
291 4729 392 4780 Iuventi
417 4729 452 4778 lbi
477 4736 536 4779 sunt
560 4730 625 4778 tituli
651 4729 702 4778 duo
722 4729 913 4790 (Torremuzza
932 4728 992 4777 el.2
1013 4729 1067 4777 ub
1089 4724 1135 4789 [=
1150 4727 1231 4777 Orelli
1246 4725 1338 4790 3718}
1359 4724 1400 4787 9),
1426 4741 1490 4791 quos

161 4823 312 4888 proconsuli
325 4823 431 4875 Siciliae
450 4823 552 4872 cuidam
571 4822 676 4886 filioque
695 4823 749 4870 eius
768 4828 909 4885 posuerunt
923 4816 983 4868 XII
1000 4817 1100 4881 trib(aa)
1120 4820 1259 4884 tertiusque
1279 4835 1354 4883 quem
1373 4819 1418 4868 alii
1438 4820 1490 4868 cui-

160 4918 220 4966 dam
245 4917 363 4965 iecerunt
387 4911 491 4965 bibulas
510 4913 568 4964 trib.
589 4913 659 4964 Ioum
678 4914 744 4979 Aup.
766 4913 902 4964 Coloniam
921 4912 1073 4976 Lilybaeum
1092 4912 1226 4960 deductam
1247 4927 1301 4960 esse
1319 4910 1351 4959 ab
1371 4913 1491 4975 Augusto

160 5009 348 5058 demonstrarit
366 5009 503 5058 llenzenus
522 5007 592 5068 (aun.
612 5007 671 5056 inst
695 5007 763 5056 1857
784 5003 903 5069 p.115);
923 5020 1000 5053 unum
1020 5004 1087 5052 adde
1106 5003 1134 5052 in
1153 5004 1227 5052 titulo
1246 5010 1366 5068 corrupto
1385 5003 1488 5054 Reines.

162 5101 187 5160 3,
202 5102 246 5160 28,
268 5099 336 5150 unde
355 5100 460 5164 quidam
481 5101 583 5150 efficere
603 5100 740 5148 voluerunt
759 5098 876 5148 coloniae
896 5097 950 5146 eius
970 5111 1113 5161 cognomen
1131 5096 1184 5144 sive
1197 5095 1304 5145 Helviae
1320 5097 1374 5144 sire
1387 5096 1489 5156 Aeliae,

162 5194 188 5242 in
207 5207 238 5242 eo
259 5192 329 5256 quod
348 5191 458 5242 traditur
471 5207 487 5241 a
500 5192 624 5257 primario
637 5197 742 5242 auctore
756 5189 880 5242 Gualtero
899 5192 969 5237 RES?
985 5192 1114 5236 contult
1128 5191 1189 5236 Ανῦ
1204 5191 1316 5236 ιιιΥΒΙτ
1329 5188 1489 5238 lateracot·

162 5297 237 5342 FELB
250 5312 257 5326 ·
271 5297 334 5341 AVG
347 5313 353 5328 ·
366 5297 487 5340 statutt.
