3458 6292
569 85 582 104 Ι

59 268 138 285 um
258 278 266 282 Δ
583 184 701 275 m

850 418 854 425 ι

504 442 512 455 a

111 430 121 459 1

588 972 782 1024 PANNONIA
800 973 986 1025 INFERIOR.

552 1334 557 1343 ’
636 1379 770 1442 sanva
794 1382 936 1460 (pase).

122 1638 184 1698 718
208 1638 303 1698 Grani
324 1658 386 1714 rep.
409 1657 455 1696 um
478 1638 640 1713 Ziepelofea
662 1639 706 1696 oet
727 1640 788 1697 dea.
804 1640 1041 1715 Capitelltd'usern
1063 1643 1094 1699 in
1116 1641 1317 1700 fundamentis
1340 1643 1445 1701 domus

161 1742 331 1813 cuiusdam3
353 1741 447 1798 altera
468 1757 539 1816 pars
561 1748 646 1798 extat
668 1741 746 1816 apud
768 1742 943 1801 canonicum
959 1741 1093 1815 Knauss‚
1116 1746 1211 1802 altera
1232 1744 1263 1802 in
1285 1744 1445 1819 archiepis·
1490 1807 1493 1812 ,

161 1863 257 1922 copro.

764 2045 770 2117 1

432 2103 966 2148 iaperatorem-caussam
1002 2109 1055 2148 nn
1092 2109 1147 2149 ΝΝ

430 2206 742 2250 νΑιεΝτιΝιΑΝνε
765 2210 801 2250 ar
819 2208 962 2251 vanans
988 2210 1148 2253 raaraas
1293 2212 1443 2262 ausaausa

438 2307 964 2354 concoanrssrrurvtcroass
986 2312 1174 2354 maxine

432 2412 471 2455 ac
506 2410 761 2454 rarvraruaroaas
804 2413 979 2468 aurursqus
1017 2414 1148 2456 avovsrr

378 2517 389 2556 a
432 2513 559 2556 nvnos
588 2513 665 2556 cvu
692 2513 871 2557 rvarravs
908 2515 1043 2558 uoavra
1079 2517 1146 2559 cas

430 2616 562 2658 raorvrn
583 2619 603 2656 a
631 2614 839 2659 avarunrurrs
868 2617 1144 2660 rvunarnsuro

433 2718 501 2760 nvn
520 2717 723 2761 cousvausas
741 2719 997 2762 rursusnvur
1032 2719 1146 2762 nrsro

431 2820 666 2875 usursstmo
679 2821 730 2862 vc
764 2821 862 2863 orama
883 2821 950 2863 rano
978 2822 1146 2876 uovrrvn

431 2922 638 2977 rsnrrvnst
671 2922 854 2966 evastata
891 2922 1145 2967 avuvsrrauo

362 3029 387 3067 ιο
430 3011 741 3067 vtttratrrcttsrn
773 3025 1146 3068 vastaverunt-iturus

429 3150 543 3192 NVflei
574 3149 745 3192 cantaturis
762 3151 789 3205 Q
808 3150 916 3192 EORVM
945 3147 1145 3193 otcartssuuts

115 3486 271 3560 Descripsi
296 3492 452 3559 utramque
474 3493 589 3559 partem
611 3493 640 3540 et
661 3484 804 3542 coniunxi
828 3486 857 3542 in
880 3504 911 3542 re
934 3485 1094 3560 praesenti.

158 3587 272 3647 Similis
294 3596 341 3644 est
360 3586 437 3644 tituli
459 3606 488 3644 n.
504 3585 584 3643 3653
608 3586 716 3644 ibidem
743 3588 867 3662 reperti,
896 3587 950 3645 sed
976 3586 1023 3644 hie
1051 3595 1147 3643 aetate
1169 3585 1321 3660 praeeedit
1348 3588 1440 3663 serip-

114 3703 161 3748 tus
190 3700 349 3764 antequam
373 3687 538 3748 Gratianus
561 3690 716 3765 Augustus
741 3689 839 3747 faetus
865 3700 912 3748 est
937 3689 985 3746 die
1014 3686 1053 3746 24
1075 3691 1154 3763 Aug.
1177 3687 1253 3756 367,
1282 3696 1440 3763 postquam

114 3792 254 3868 Equitius
277 3792 374 3849 faetus
401 3801 448 3847 est
469 3793 612 3866 magister
634 3791 774 3862 militum,
802 3791 832 3849 id
854 3791 933 3867 quod
957 3790 1134 3848 Ammianus
1162 3787 1211 3858 26,
1236 3790 1263 3860 5,
1289 3791 1324 3847 11
1349 3791 1441 3868 signi-

113 3896 183 3952 ficat
204 3895 339 3952 evenisse
362 3911 388 3949 a.
407 3891 466 3950 365
490 3903 626 3963 exeunte,
649 3901 678 3950 et
693 3901 776 3951 extat
797 3894 970 3952 constitutio
986 3893 1056 3951 data
1077 3891 1105 3949 d.
1122 3890 1204 3966 Sept.
1222 3890 1261 3949 24
1283 3893 1354 3949 anni
1376 3894 1439 3950 eius

114 3998 151 4055 ad
166 4016 233 4054 eum
249 3996 384 4054 comitem
401 4005 430 4052 et
445 3995 619 4070 magistrum
636 3995 771 4053 militum.
810 3994 921 4053 Mansit
935 4004 1033 4054 autem
1045 3995 1075 4053 in
1091 3993 1190 4051 officio
1206 3992 1346 4068 Equitius
1362 4005 1440 4052 certe

112 4099 149 4156 ad
173 4120 198 4157 a.
213 4098 271 4156 373
297 4097 459 4172 (Ammian.
474 4095 523 4168 29,
537 4097 565 4167 6,
577 4098 618 4172 3).
664 4096 768 4172 Itaque
791 4097 967 4173 disponente
982 4097 1105 4173 Equitio
1126 4096 1202 4153 inter
1217 4106 1389 4154 autumnum
1412 4118 1438 4155 a.

113 4201 172 4259 365
195 4211 224 4259 et
246 4208 418 4258 autumnum
442 4219 469 4255 a.
493 4199 551 4256 367
576 4211 742 4257 castrorum
766 4197 954 4258 Salvensium
977 4198 1178 4256 fundamentis
1201 4199 1308 4272 positis
1332 4199 1438 4257 deinde

111 4325 137 4360 a.
162 4302 219 4360 371
245 4302 358 4379 burgus
380 4299 599 4360 commercium
622 4301 718 4358 factus
741 4309 796 4372 est,
819 4302 904 4358 cuius
927 4308 973 4359 est
994 4300 1098 4358 titulus
1121 4320 1149 4357 n.
1172 4300 1260 4358 3653.
1305 4300 1437 4376 Burgum

112 4426 178 4462 euru
203 4413 234 4461 ut
256 4405 328 4462 fecit
347 4403 504 4461 Eosoanus
526 4403 577 4478 qui
601 4403 717 4474 dieitur,
745 4404 932 4481 praepositus
959 4402 1087 4478 legionis
1115 4403 1229 4477 primae
1250 4402 1437 4473 Martiornm,

111 4508 153 4565 ita
175 4515 274 4564 castra
295 4506 375 4563 facta
397 4511 466 4564 sunt
488 4515 605 4563 curante
619 4505 799 4580 Aupustiano
822 4507 891 4564 daca
909 4503 1068 4580 Voturiae)
1093 4505 1200 4575 limitis,
1223 4522 1310 4578 quem
1333 4505 1437 4562 ducem

112 4610 159 4666 his
187 4608 261 4665 loeis
282 4608 450 4683 praefuisse
478 4608 552 4665 satis
578 4616 695 4665 constat
716 4628 754 4666 ex
774 4606 890 4666 Notitia
910 4607 1098 4683 Dignitatum
1121 4624 1181 4664 occ.
1205 4625 1234 4680 p.
1252 4604 1300 4662 23.
1325 4607 1363 4664 94
1387 4608 1436 4682 (cf.

111 4710 169 4766 vol.
190 4710 237 4766 111
259 4730 287 4786 p.
305 4709 391 4783 416),
415 4710 507 4767 fuisse
530 4710 585 4767 sub
608 4709 803 4786 dispositione
830 4711 965 4787 magistri
992 4709 1117 4767 militum
1146 4727 1199 4784 per
1221 4708 1375 4783 Illyricum
1399 4729 1437 4767 ex

112 4813 167 4868 hoc
182 4812 267 4869 titulo
282 4821 415 4888 apparet.
461 4809 519 4870 Sed
536 4810 572 4868 de
593 4811 699 4870 litteris
716 4831 792 4886 quae
814 4812 845 4869 in
867 4813 1065 4889 prioreparte
1088 4830 1113 4868 v.
1134 4811 1170 4868 10
1191 4819 1260 4869 sunt
1281 4810 1437 4869 fueruntve

111 4933 169 4970 non
192 4915 265 4970 satis
288 4923 414 4971 constat.
461 4911 545 4985 Quae
568 4913 682 4972 deletae
705 4923 784 4984 sunt,
813 4914 879 4973 solo
902 4915 1019 4972 scribae
1041 4914 1127 4991 lapsu
1155 4913 1202 4971 hio
1226 4912 1363 4970 videntur
1385 4933 1436 4988 po-

110 5016 185 5072 sitae
212 5016 319 5086 suisse,
342 5034 395 5073 nec
418 5015 545 5073 fortasse
569 5016 647 5074 aliud
670 5017 712 5074 ibi
734 5017 791 5075 fuit
812 5035 901 5091 quam
925 5032 967 5072 v·
985 5030 1157 5075 c·c0u1rs
1179 5015 1257 5072 mala
1278 5015 1435 5089 repetitum

111 5136 148 5173 ex
177 5137 202 5174 v.
220 5118 247 5174 8.
292 5116 379 5190 Quod
403 5118 538 5192 sequitur
561 5134 596 5175 ru
619 5118 741 5193 (deinde
763 5126 862 5194 potest
884 5119 1010 5193 periisse
1032 5117 1132 5174 littera
1154 5136 1213 5174 una
1235 5118 1374 5193 angusta)
1398 5135 1436 5175 vr

109 5218 169 5292 (vel
188 5218 232 5293 vr)
260 5229 289 5275 et
310 5219 408 5295 ipsun}
432 5219 605 5292 impeditum
628 5230 683 5289 est,
707 5220 759 5277 sed
781 5239 847 5277 cum
870 5230 899 5277 et
920 5219 1188 5294 perfectissimatus
1210 5219 1351 5278 iudicatio
1374 5242 1434 5278 onr-

109 5322 178 5378 nino
200 5321 369 5395 requiratur
392 5321 443 5395 (cf.
457 5321 525 5377 ‘vol.
544 5319 590 5377 ΙΙΙ
614 5339 641 5394 p.
662 5323 754 5396 1157)
784 5331 811 5379 et
833 5331 858 5379 et
880 5323 1058 5381 vocabulum
1081 5322 1206 5379 alterum
1229 5322 1359 5379 officium
1382 5324 1433 5380 fla·

108 5424 193 5499 gitet,
223 5432 294 5498 puto
321 5424 364 5480 ita
391 5423 554 5500 significari
577 5428 773 5498 praepositum
802 5425 898 5501 (operi
921 5423 1047 5499 scilicet)
1075 5428 1166 5481 uirum
1187 5427 1434 5500 perfectissimum,

106 5545 286 5600 quamquam
308 5544 366 5583 nun
389 5525 494 5601 ignoro
517 5523 705 5583 scribendum
727 5525 819 5584 fuisse
841 5526 940 5602 potius
963 5546 987 5585 v.
1008 5546 1039 5602 p.
1058 5545 1107 5602 pr.
