3458 6292
201 2152 781 2272 COMMENTATIONES
845 2156 1307 2271 EPIGRAPHIOAE
1370 2155 1541 2271 titas,

862 2616 891 2691 I.

310 2849 381 2925 DE
414 2848 598 2925 TITVLO
630 2848 931 2943 SEPVLCRALI
948 2848 1089 2945 Ι0800
1122 2848 1438 2927 LVOANORVM.

142 3214 144 3225 ·
201 3100 359 3263 Nuper
379 3182 440 3244 Th.
462 3186 628 3245 Mommsen
654 3204 769 3245 mecam
791 3186 1022 3245 communicavit
1044 3187 1102 3245 duo
1124 3186 1326 3264 inscriptionis
1349 3185 1450 3247 Oscae
1471 3205 1543 3262 apo·

200 3286 325 3365 grapha
337 3286 448 3347 litteris
463 3284 589 3347 Graecis
605 3297 777 3366 conceptae,
799 3306 876 3364 quae
891 3288 1022 3366 repperit
1043 3289 1073 3345 in
1091 3289 1238 3347 Mandelli
1258 3288 1331 3347 libro
1351 3289 1386 3346 de
1406 3288 1541 3347 Maenia

199 3372 296 3447 narra
318 3392 430 3465 scripto
457 3390 639 3449 bibliothecae
665 3390 894 3467 Neapolitanae,
931 3410 950 3449 a
971 3390 1089 3449 nemine
1116 3409 1234 3463 eorum,
1261 3392 1312 3466 qai
1341 3392 1542 3450 monumentis

199 3490 330 3569 linguae
342 3488 444 3551 Oscae
462 3490 639 3569 colligendis
658 3502 750 3569 atque
767 3493 998 3570 interpretandis
1013 3511 1134 3570 operam
1145 3493 1298 3564 dederant,
1314 3494 1467 3570 hucusque
1482 3513 1541 3551 me-

198 3604 326 3653 morata
340 3593 388 3652 vel
403 3594 433 3653 in
454 3593 551 3653 lucem
568 3603 731 3670 protracta.
775 3595 854 3653 Tum
876 3597 965 3654 etiam
988 3615 1006 3653 a
1029 3592 1068 3655 G.
1092 3595 1129 3653 dc
1150 3596 1242 3654 Petra
1256 3595 1457 3672 Neapolitano
1478 3595 1542 3653 viro

199 3696 388 3755 docrisainro
402 3695 504 3774 accepi
525 3696 671 3774 imagines
685 3696 829 3755 Mandelli
844 3697 1085 3775 apographorum
1107 3708 1190 3756 carta
1204 3697 1353 3774 pellucida
1366 3697 1541 3756 delineatae.

198 3796 356 3859 Mandelli
384 3796 476 3877 igitar
501 3798 532 3856 in
557 3816 631 3875 agro
657 3798 760 3876 oppidi
788 3800 888 3857 Diana
909 3798 1062 3858 Lucaniae
1089 3800 1313 3876 propalantem
1342 3799 1374 3859 S.
1399 3799 1544 3859 Giovaaai

170 3968 178 3981 ‚
198 3900 325 3961 invenit
339 3898 480 3978 lapidem,
501 3916 590 3977 quem
611 3899 660 3960 his
681 3902 781 3960 verbis
796 3901 952 3973 describit,
980 3902 1041 3961 Vol.
1057 3902 1083 3974 I,
1101 3922 1133 3978 p.
1152 3902 1203 3961 94.
1227 3896 1317 3975 „Non
1339 3902 1415 3961 devo
1436 3902 1542 3961 tralas·

198 4002 288 4063 ciare
311 4000 346 4059 di
366 4000 420 4079 qni
441 4001 619 4061 trascrivere
638 4002 659 4060 l’
674 4003 838 4063 iscrittione
859 4004 888 4061 d’
904 4025 944 4063 un
966 4022 1090 4075 marma,
1114 4004 1168 4061 che
1188 4003 1237 4062 nel
1258 4004 1349 4081 piano
1371 4005 1450 4063 della
1470 4004 1542 4062 cirta

196 4104 232 4165 di
246 4102 358 4165 Diana
372 4101 434 4161 mia
451 4104 551 4181 patria
564 4104 591 4163 ai
610 4104 732 4165 ritrora.
777 4105 893 4180 Questo
908 4125 1022 4165 marino
1037 4114 1150 4164 mostra
1164 4124 1223 4165 non
1238 4123 1338 4164 essere
1353 4107 1477 4178 entiero,
1493 4125 1543 4165 ma

197 4226 240 4269 aa
256 4224 359 4285 penzo
373 4204 405 4265 di
418 4224 533 4265 marano
549 4206 709 4284 maggiore.
731 4207 800 4285 Egli
815 4208 832 4266 ὲ
847 4208 877 4266 di
891 4208 1057 4288 lunghezza
1071 4208 1150 4266 circ-a
1164 4215 1209 4266 tre
1222 4208 1323 4284 palmi,
1338 4209 1366 4266 di
1382 4209 1542 4286 larghezza

164 4380 167 4385 ¹
198 4310 333 4371 intorno
354 4306 383 4365 ι’
399 4308 467 4379 dne,
489 4308 631 4385 semplioe
653 4327 670 4367 e
689 4326 789 4381 rozzo,
818 4310 900 4369 nella
921 4312 950 4368 di
973 4310 1021 4369 cai
1043 4318 1127 4386 parte
1148 4311 1240 4386 piana
1261 4311 1288 4368 ai
1309 4310 1423 4369 ritrora
1443 4311 1544 4388 quella

195 4410 378 4493 iscrittione
403 4410 443 4469 (la
466 4428 515 4469 mc
539 4428 597 4469 con
624 4410 773 4489 diligeuza
798 4412 912 4488 grande
937 4412 1084 4489 ricopiata
1110 4412 1285 4487 conquesti
1313 4413 1452 4471 caratteri
1479 4413 1542 4471 cosi

197 4511 362 4575 differenti
388 4510 436 4571 tra
461 4512 493 4571 di
521 4511 588 4572 loro
617 4513 648 4572 in
674 4512 842 4590 grandezza
862 4516 939 4573 etc.“
982 4514 1144 4573 Praeterea
1165 4513 1308 4572 Mandelli
1335 4525 1450 4587 narrat,
1475 4533 1541 4574 cum

196 4616 260 4677 riri
282 4612 414 4693 qnidam
435 4610 555 4673 Graece
581 4614 662 4673 docti
683 4614 749 4674 viso
771 4617 945 4694 apographo
969 4616 1157 4676 dubitassent
1183 4617 1220 4675 de
1241 4617 1342 4675 littera
1364 4634 1377 4675 t
1398 4637 1417 4676 a
1438 4634 1470 4675 se
1492 4617 1542 4675 de-

194 4716 334 4789 lineata,
355 4716 480 4794 eiusque
500 4716 570 4775 loco
590 4716 788 4777 coniecissent
807 4734 824 4775 r
845 4719 877 4777 in
899 4719 999 4794 lapide
1021 4719 1164 4795 scriptum
1186 4737 1263 4791 csse,
1291 4738 1324 4778 sc
1346 4719 1424 4777 hunc
1444 4721 1541 4778 denno

196 4820 405 4881 examinasse
426 4827 518 4895 amne
538 4820 688 4879 invenisse
709 4839 816 4879 revera
837 4822 879 4880 ibi
899 4838 913 4879 t
934 4830 1089 4879 exaratum
1112 4840 1179 4880 esse
1201 4820 1235 4895 (l.
1251 4821 1300 4897 a).

287 4918 439 4983 undeni
461 4938 534 4979 vero
554 4920 586 4979 in
607 4920 684 4981 libro
707 4940 762 4982 sno
783 4923 831 4983 bis
853 4923 955 5001 posuit
976 4921 1095 4982 titulum
1116 4923 1224 4982 litteris
1246 4923 1285 4980 ad
1307 4923 1416 5001 lapidis
1439 4923 1543 4983 simili·

159 5052 166 5099 :⁷
194 5024 346 5087 onumen
368 5020 540 5097 delineatio,
565 5024 695 5102 primum
716 5024 784 5085 loco
807 5033 910 5085 notato
932 5024 1022 5101 primi
1042 5026 1214 5099 voluminis,
1236 5025 1342 5083 iterum
1364 5027 1395 5083 in
1416 5027 1475 5086 fine
1498 5045 1543 5086 sc·

204 5124 491 5201 audiveramus,
511 5134 674 5205 postquam
695 5126 767 5187 data
785 5145 880 5207 opera
900 5127 1106 5207 apographum
1128 5146 1215 5188 auum
1237 5147 1303 5188 cum
1325 5147 1475 5188 marmore
1492 5128 1544 5188 de-

212 5248 264 5294 uo
284 5226 429 5291 matta

1300 5335 1335 5392 ll
