3458 6292
149 517 268 567 aes-ooo
568 512 652 563 vou.
673 513 687 561 1
713 512 1073 573 nn'rromssmnuvn.
1403 495 1475 566 209

148 706 202 766 pro
224 695 288 748 toto
310 690 390 747 enim
409 697 510 766 partes
534 704 637 745 omnes
660 696 740 745 recte
762 696 921 762 ponuntur,
944 689 1170 764 compararique
1193 698 1321 766 possunt
1343 690 1479 748 decuriae

148 791 278 869 quinque
300 791 429 851 iudicum
452 796 482 848 et
503 790 636 865 equitum
659 790 778 848 ordines
793 790 1028 865 quattuordecim
1051 799 1089 862 et,
1112 809 1189 867 quae
1211 792 1268 849 huc
1291 792 1480 867 potissimum

149 895 288 971 pertinet,
310 894 396 971 plebs
418 893 533 952 urbana
549 896 672 969 quinque
693 902 719 950 et
739 895 856 968 tripinta
871 895 992 951 tmbaurn
1008 890 1116 968 (Orell.
1134 892 1239 969 3064).
1283 893 1345 953 Res
1360 896 1482 972 publica

147 1016 193 1068 ea,
216 997 301 1056 cuius
321 996 442 1056 nomine
464 996 522 1054 hoc
546 995 703 1054 vasculum
724 995 836 1053 factum
858 1004 912 1067 est,
935 1014 1002 1054 cum
1025 997 1081 1054 sub
1101 996 1250 1073 praefecto
1272 996 1370 1067 luerit,
1393 1017 1479 1074 prae·

146 1099 263 1158 lectura
283 1098 374 1157 luerit
395 1116 518 1159 necesse
542 1104 597 1168 est,
631 1106 665 1155 ut
696 1099 816 1156 fuerunt
848 1117 867 1155 a
895 1098 1000 1173 quinto
1023 1098 1142 1156 saeculo
1175 1097 1212 1155 ad
1235 1098 1347 1156 bellum
1369 1100 1481 1157 sociale

150 1200 248 1260 Fundi
272 1209 302 1260 et
324 1200 463 1260 Formiae
490 1209 521 1260 et
542 1199 620 1259 aliae
642 1199 763 1259 multae.
819 1197 904 1273 Quae
927 1218 994 1258 cum
1017 1200 1124 1257 civium
1152 1199 1358 1259 Romanorum
1381 1210 1482 1260 essent

149 1303 234 1379 (reim.
256 1303 437 1364 Mdnzwesea
457 1322 486 1380 p.
504 1302 593 1380 336),
616 1303 691 1362 nihil
719 1304 853 1380 impedit,
879 1304 1037 1378 quominus
1064 1303 1096 1361 in
1125 1320 1196 1361 suas
1223 1321 1358 1380 quaeque
1386 1305 1481 1362 tribus

152 1405 329 1465 distributae
354 1406 480 1477 fuerant,
512 1410 625 1482 pariter
651 1414 742 1481 atque
765 1405 897 1463 colonias
927 1406 1035 1464 civium
1057 1405 1261 1464 Romanorum
1286 1424 1356 1466 suas
1378 1424 1483 1481 quam·

153 1527 212 1586 que
234 1507 329 1568 tribus
351 1509 495 1568 habuisse
516 1526 613 1586 nuper
633 1508 816 1566 intellectum
840 1516 886 1566 cst
909 1507 950 1583 (v.
968 1526 1062 1583 supra
1075 1528 1104 1585 p.
1120 1507 1203 1584 125).
1248 1508 1368 1567 Primus
1384 1518 1482 1567 autem

150 1611 199 1669 hic
219 1610 326 1670 titulus
347 1618 409 1683 est,
441 1629 529 1687 quem
559 1611 597 1668 ad
630 1611 694 1668 eius
716 1611 835 1688 generis
858 1611 1040 1687 praefectum
1075 1610 1270 1688 probabiliter
1291 1611 1417 1682 reseras3
1451 1619 1484 1668 ut
1537 1666 1539 1671 .

152 1732 333 1792 magnopere
354 1712 517 1774 dolendum
539 1714 579 1773 sit
599 1713 637 1772 de
658 1713 772 1790 origine
794 1713 858 1773 eius
880 1732 940 1772 uon
961 1713 1085 1789 liquere.
1109 1746 1144 1755 —
1181 1713 1288 1772 Laeuii
1309 1714 1483 1772 Brundisini

151 1816 300 1893 equestris
341 1817 461 1876 ordines
495 1817 630 1875 homines
670 1823 942 1875 commemorantur
977 1817 1056 1892 apud
1094 1814 1268 1875 Ciceronem
1303 1815 1483 1874 Varronem-

153 1938 211 1997 que
233 1920 275 1996 (v.
298 1928 447 1979 onomast
470 1919 642 1979 Tullianum
666 1937 689 1978 s.
713 1919 769 1996 v.);
792 1919 907 1979 Laenio
928 1919 1035 1977 mulier
1055 1919 1125 1977 item
1148 1920 1318 1977 nominatur
1339 1921 1370 1978 in
1398 1918 1482 1977 titulo

153 2023 318 2082 Tarentino
340 2021 366 2080 Ι.
377 2021 417 2082 Ν.
438 2022 509 2082 584.
551 2023 586 2080 In
608 2021 792 2081 nominativo
814 2022 961 2081 secundae
983 2040 997 2079 c
1018 2021 1120 2080 littera
1140 2022 1229 2079 modo
1250 2021 1372 2098 ponitur
1394 2020 1482 2079 modo
1529 2055 1531 2059 <

154 2125 262 2196 deficit,
288 2131 321 2184 ut
346 2129 376 2184 in
405 2125 500 2184 titulis
521 2123 704 2185 Tusculanis
726 2125 785 2183 vol.
805 2124 821 2183 1
843 2145 871 2184 n.
894 2124 942 2183 64.
960 2124 1012 2183 65:
1043 2124 1086 2182 M.
1110 2125 1219 2183 Foario
1250 2123 1282 2182 C.
1306 2125 1333 2200 s.
1357 2123 1483 2182 tribunos

153 2230 285 2302 militare,
307 2227 436 2305 aliisque
456 2237 590 2288 remotae
611 2228 781 2287 vetustatis.

158 2695 234 2759 300
254 2697 394 2756 columna
414 2713 477 2770 rep.
499 2692 602 2754 Mesae
625 2695 662 2753 ad
685 2693 823 2772 Appiam.

687 2819 716 2873 in
738 2833 847 2874 summa
863 2825 950 2891 parte

309 2901 340 2956 in
363 2897 452 2956 latere
750 2917 895 2977 columnae
1190 2895 1331 2953 inlusere

346 3077 419 3138 Wlll
614 3062 1031 3136 u·ctavnlo·nt
1261 3073 1292 3131 X

750 3177 892 3239 0va
1142 3172 1144 3176 ’

241 3306 271 3364 Α
292 3305 395 3365 Brizio
417 3303 595 3381 descriptam
619 3302 702 3362 misit
722 3299 846 3359 Henzen
869 3319 896 3359 e.
922 3299 1012 3359 1874.

1148 3400 1207 3459 Tu.
1229 3399 1403 3458 Mommsen.
