3458 6292
572 501 768 550 PANNONIA
788 501 972 550 runuuron.
1362 484 1433 551 353

108 674 192 734 Grad
214 683 291 746 tres,
314 695 352 733 ex
376 673 557 752 Stupianica
584 677 676 747 duos,
705 695 742 733 ex
765 675 959 751 Kamengrad
981 676 1071 747 duos,
1099 695 1137 732 ex
1159 674 1314 733 Levanski
1337 674 1435 734 Varo}

107 797 211 848 unum,
244 797 282 835 cx
312 775 425 835 Natice
457 778 543 848 duos,
578 798 617 836 ex
643 777 791 836 Virovitid
824 778 910 850 duos,
944 779 1078 854 singulos
1112 797 1149 835 ex
1183 777 1307 852 Nuitan
1342 776 1437 850 Sotin,

106 879 270 951 Banostor‚
292 881 400 952 Roma,
422 881 472 957 qui
496 891 566 940 sunt
587 881 657 958 pagi
680 880 743 957 agri
766 881 827 938 iere
849 881 985 940 Iasorum
1008 882 1085 939 inter
1107 881 1241 939 Dravum
1264 887 1294 938 et
1316 877 1437 940 Savum.

107 981 226 1041 Horum
248 983 279 1040 in
302 983 370 1041 aliis
393 993 497 1042 auctor
518 983 656 1042 laudatur
677 982 760 1040 Vaso
782 983 959 1042 Zdelarovii
980 983 1107 1055 fiscalis,
1133 983 1209 1042 alios
1231 983 1334 1042 llicius
1357 984 1399 1041 ait
1421 1003 1439 1040 a

110 1102 144 1142 se
166 1085 332 1162 descriptos
354 1104 431 1144 esse.
476 1084 553 1146 Sunt
574 1095 672 1144 autem
695 1086 773 1143 tituli
807 1086 837 1142 hi
859 1088 993 1162 exceptis
1016 1087 1054 1144 iis
1076 1087 1242 1162 dequibus
1265 1104 1357 1163 supra
1378 1106 1438 1144 mo-

108 1187 159 1245 nui
181 1189 376 1247 ornnesfalsi
399 1190 491 1247 etita
513 1190 632 1266 quidem
654 1188 782 1262 conficti,
814 1199 848 1247 ut
880 1189 1004 1248 eandem
1037 1209 1158 1248 manum
1185 1207 1289 1247 omnes
1312 1208 1384 1264 prae
1407 1207 1439 1247 se

109 1290 208 1349 ferant
222 1309 275 1349 neo
290 1291 431 1350 differant
446 1292 606 1351 seeundum
622 1310 673 1350 eos
689 1296 740 1367 qui
755 1291 915 1350 laudantur
929 1303 1076 1350 auctores.
1107 1290 1273 1350 Universos
1289 1292 1337 1349 hic
1352 1291 1440 1349 edere

109 1393 195 1465 uolo;
219 1394 332 1452 subieci
356 1394 526 1469 speciminis
545 1413 638 1453 causa
652 1392 831 1454 Sirmienses
854 1397 930 1453 duos
952 1395 990 1453 ad
1005 1405 1154 1453 monetam
1176 1394 1359 1471 pertinentes
1381 1404 1439 1451 ter-

109 1496 241 1572 tiumque
263 1497 317 1572 qui
339 1497 424 1556 solus
447 1497 543 1556 adhuc
565 1517 603 1556 ex
627 1499 682 1556 hac
704 1498 822 1575 sylloge
844 1498 940 1557 lucem
963 1497 1118 1573 adspexit,
1147 1498 1275 1574 denique
1301 1507 1439 1573 quartum

108 1596 316 1658 Nasioensem.

110 1841 262 1899 Mitrovitz
284 1843 323 1898 im
345 1839 455 1900 Gorteo
477 1843 526 1900 des
547 1842 752 1919 Hauptmanne
777 1839 878 1900 Brlcr'd.

203 2043 582 2061 ..................
601 2019 681 2061 nero
712 2019 778 2083 aug
801 2001 806 2084 1
828 2004 867 2060 tr.
891 2003 960 2081 pot.
985 1995 1032 2059 uii
1060 2017 1125 2060 cos.
1151 1995 1197 2058 iiii
1218 2000 1222 2076 l
1245 2017 1272 2058 o.
1297 1994 1441 2081 ptolom-

201 2105 275 2170 nius
302 2108 305 2191 l
331 2105 366 2168 iii
388 2105 439 2169 vir
462 2128 490 2169 a.
516 2128 544 2170 a.
570 2128 598 2170 a.
623 2106 691 2170 tf.

110 2270 185 2330 Luc.
209 2272 263 2330 llit
285 2272 328 2329 ait
348 2273 464 2331 vidisse
485 2291 517 2332 se
540 2293 566 2330 a.
592 2272 680 2331 1845.
725 2272 773 2330 Ex
788 2272 845 2329 hac
867 2280 896 2330 et
918 2272 1055 2349 sequenti
1071 2271 1192 2348 collegit
1211 2271 1359 2331 officinam
1380 2290 1441 2330 mo·

111 2375 256 2433 notariam
280 2375 348 2433 inde
370 2394 389 2431 a
410 2375 530 2434 Nerone
556 2375 651 2434 luisse
673 2373 785 2435 Sirmii.
836 2362 839 2369 ’
1065 2382 1076 2411 ²

111 2637 264 2696 Mitrovitz
286 2639 325 2694 im
350 2635 458 2696 Gortea
479 2637 528 2695 dee
549 2637 752 2714 Hauptmonns
775 2633 877 2694 Brit-id.

203 2791 280 2879 imp.
305 2814 373 2856 ner.
399 2791 526 2856 traiano
550 2814 616 2878 aug
641 2802 645 2878 t
671 2800 711 2855 tr.
733 2800 802 2876 pot.
826 2790 873 2854 uii
899 2811 965 2856 cos.
988 2788 1022 2854 iii
1053 2787 1116 2854 dac
1140 2795 1146 2870 Ι
1170 2788 1272 2876 praef.
1298 2795 1340 2853 et.
1364 2810 1441 2874 pro-

203 2909 296 2966 curat
320 2910 325 2987 Ι
351 2907 518 2986 aequator.
545 2910 578 2965 et
601 2901 731 2988 signato
757 2901 762 2983 Ι
787 2899 1015 2984 maleatoresq.
1037 2897 1127 2965 sirmi
1153 2905 1157 2985 1
1184 2921 1213 2962 e.
1237 2921 1270 2962 u.
1294 2921 1326 2985 p.

112 3067 187 3126 Luc.
209 3068 265 3126 Ilii
288 3067 330 3126 ait
351 3067 463 3126 vidisse
485 3084 517 3125 so
540 3088 567 3126 a.
592 3068 682 3141 1845,
705 3068 861 3145 explicans
882 3087 909 3125 v.
934 3068 951 3125 6
975 3085 989 3125 e
1009 3066 1101 3143 o(oto)
1120 3064 1317 3144 p(ocuercnt).

112 3329 264 3388 Mitrovitz
287 3331 325 3386 im
346 3329 423 3403 Hofo
444 3329 493 3386 dea
515 3328 718 3405 Hauptmonna
740 3293 852 3388 Βνῖεἰό.Ι

203 3483 310 3549 uiuioo
336 3488 340 3574 l
367 3483 571 3569 caeterisque
594 3493 720 3554 manill
744 3490 748 3566 l
773 3490 865 3553 tutu

113 3651 188 3711 Luc.
211 3651 267 3711 [lit
283 3652 326 3710 ait
344 3653 456 3712 vidisse
479 3671 511 3711 sc
533 3652 617 3728 (inde
636 3650 839 3726 Kukuljevich
864 3650 893 3708 in
917 3649 984 3724 eph.
1000 3649 1069 3707 Rau
1090 3647 1128 3706 23
1152 3647 1260 3724 [1873]
1283 3666 1311 3724 p.
1331 3648 1413 3722 148).

118 3911 230 3972 Naiice
253 3912 342 3988 (com.
365 3913 607 3988 Viroviticeosis)
630 3914 661 3970 in
683 3913 778 3970 hortis
800 3910 972 3969 deversorii.

205 4067 225 4131 i.
249 4090 278 4132 o.
303 4090 336 4131 m
362 4073 366 4147 Ι
392 4089 496 4132 seuer.
521 4089 664 4153 procons
690 4078 694 4154 t
720 4066 905 4152 pannoniae
929 4065 1012 4129 infer
1037 4075 1041 4151 t
1068 4110 1279 4128 .......
1306 4073 1311 4147 Ι
1338 4113 1345 4126 .
1372 4111 1379 4126 .
1407 4112 1413 4125 .
1440 4116 1446 4129 .

206 4176 405 4262 ...tfab.
433 4177 495 4240 cilo
521 4174 1083 4261 etlolaud.....{y.leg.u
1108 4195 1141 4259 p.

114 4340 172 4402 nit
194 4343 236 4402 ait
259 4344 457 4420 descripsisse
479 4360 512 4401 se
538 4362 565 4402 a.
590 4343 677 4402 1844.

158 4543 304 4626 Venimus
327 4567 492 4627 adtitulos
514 4571 609 4626 musei
631 4566 828 4627 Pestinensis.
873 4565 1054 4624 Prodierunt
1075 4564 1096 4623 ii
1120 4582 1213 4641 nuper
1239 4582 1310 4622 cura
1330 4563 1449 4621 Ernesti

115 4666 296 4742 Desjardins
329 4680 359 4728 et
385 4669 520 4729 Floriani
548 4669 660 4729 Romer
692 4669 808 4728 duabus
841 4667 1022 4726 editionibus
1051 4665 1172 4726 Gallica
1204 4677 1234 4725 et
1265 4666 1450 4744 ilungarioa‚

115 4789 243 4847 quarum
275 4771 330 4830 illa
362 4773 406 4830 sio
437 4773 584 4848 inscripta
609 4778 670 4831 est:
702 4779 876 4832 monumenta
897 4770 1118 4848 dpipropltiqaes
1139 4771 1179 4827 du
1200 4768 1301 4827 Marde
1322 4769 1452 4827 rational

116 4873 252 4948 donpror'e
274 4875 401 4932 ciereinde
423 4883 449 4931 ot
470 4873 617 4953 ecpliquda
632 4892 694 4951 pur
708 4872 749 4933 E.
763 4872 951 4949 Desierdr'as,
970 4870 1084 4948 public'e
1174 4889 1235 4947 por
1257 4872 1296 4929 les
1318 4874 1395 4930 coins
1418 4871 1452 4926 cle

114 4975 192 5034 Dom
208 4976 240 5033 F
240 4976 310 5034 idria
325 4975 431 5034 Rdmer
446 4974 619 5055 (Budapsst
633 4974 725 5039 18⁷³.
736 4972 794 5037 fol.
806 4990 860 5055 pp.
876 4972 948 5053 140,
960 4974 1041 5034 abb.
1059 4973 1123 5051 55).
1161 4973 1264 5032 Editio
1279 4973 1453 5049 Hungarica

115 5077 289 5154 (Bodapest
303 5076 380 5136 1873
393 5077 446 5137 fol.
458 5096 510 5154 pp.
523 5075 595 5152 202,
605 5074 688 5143 abt.
700 5068 757 5157 di)
767 5076 862 5136 lom
873 5074 992 5144 plenior
1006 5086 1067 5149 θεῖς
1082 5076 1114 5135 in
1129 5095 1166 5135 ea
1180 5083 1369 5135 accesserunt
1382 5095 1454 5133 cura

74 5238 78 5247 ,
115 5178 240 5239 Romeri
267 5180 420 5258 appendix
441 5180 598 5241 titulorum
622 5190 700 5261 pom¹
1004 5198 1053 5241 om
1075 5179 1197 5239 tabulae
1218 5187 1336 5237 ceratae
1358 5177 1453 5235 musei

1184 5275 1246 5339 24⁴
