3458 6292
311 506 384 575 356

753 522 1032 572 ADDITAMENTA
1051 522 1132 575 VOL.
1149 522 1192 571 Ill

311 700 456 758 habebam
479 715 533 774 pro
555 705 629 755 teste
652 716 711 754 non
734 697 847 771 optimo
870 715 923 754 nec
945 697 1139 771 peritissimo,
1168 697 1220 754 sed
1249 707 1347 754 tamen
1371 696 1492 767 idone03
1526 705 1558 754 at
1581 697 1656 753 sub-

313 803 447 860 dubitare
470 801 567 874 coepi,
595 805 756 876 postquam
778 818 844 856 cum
873 799 1052 876 deprehendi
1074 799 1160 856 titulo
1184 820 1211 856 n.
1229 800 1307 856 3711
1333 799 1514 858 Diocletiani
1537 816 1652 857 nomen

312 905 398 981 qnasi
421 905 457 962 de
478 902 578 978 lapide
600 901 792 974 inferentem,
820 909 979 977 propterea
1005 901 1086 976 quod
1107 901 1225 959 Aurelii
1247 902 1361 959 Valerii
1387 902 1509 960 nomina
1536 901 1652 959 Rome·

312 1027 364 1067 rus
387 1007 429 1065 ibi
450 1015 602 1081 posuerat,
625 1023 690 1063 cum
714 1005 788 1063 satis
811 1012 963 1062 constaret
984 1005 1094 1080 requiri
1117 1004 1157 1062 ibi
1181 1004 1319 1063 Flavium
1341 1004 1507 1077 Valerium,
1531 1004 1653 1062 scilicet

313 1110 532 1170 Constantium.
576 1107 683 1184 Itaque
705 1126 772 1166 cum
795 1111 825 1165 in
848 1126 881 1165 eo
904 1125 1012 1179 essem,
1036 1116 1068 1164 ut
1090 1108 1211 1165 inventa
1232 1128 1251 1166 a
1272 1107 1466 1182 Desjardinio
1489 1107 1527 1164 ad
1548 1107 1651 1184 ipsios

313 1213 474 1272 editionem
487 1210 624 1269 ordinata
637 1210 707 1267 hnic
721 1209 905 1286 ephemeridi
920 1194 1090 1281 insererem,
1107 1210 1228 1269 substiti
1241 1212 1271 1268 in
1284 1229 1374 1287 opere
1390 1228 1563 1286 mecumque
1577 1227 1650 1266 con·

314 1315 397 1374 stitui
415 1314 592 1372 Pestinense
615 1330 750 1371 museum
772 1313 892 1371 tertium
915 1311 1007 1384 adire,
1029 1323 1190 1389 antequam
1212 1313 1248 1371 de
1264 1312 1504 1389 Desjardinianis
1527 1311 1650 1388 publice

314 1418 458 1476 iudicium
480 1417 599 1475 ferrem.
642 1415 792 1490 Receptus
815 1415 906 1490 igitur
925 1415 1044 1474 Pestini
1065 1417 1103 1473 ab
1125 1416 1230 1475 amicis
1252 1415 1342 1473 solita
1357 1415 1495 1473 comitate
1517 1434 1581 1472 rem
1604 1415 1650 1471 in·

314 1519 460 1596 vestigari
481 1527 510 1576 et
531 1524 650 1594 praeter
671 1519 912 1592 expectationem
939 1525 1034 1576 totum
1062 1519 1201 1579 volumen
1228 1518 1408 1596 deprehendi
1436 1519 1516 1575 mala
1541 1517 1651 1576 frande

288 1622 345 1680 'et
370 1628 515 1700 perpetua
539 1619 772 1697 interpolatione
801 1620 989 1695 inquinatum
1017 1637 1094 1679 esse.
1142 1620 1221 1679 Nam
1255 1634 1287 1679 nt
1318 1621 1348 1678 in
1377 1620 1430 1679 illo
1457 1620 1562 1692 titulo,
1599 1620 1651 1678 ubi

315 1723 525 1799 Desjardinins
560 1722 652 1779 edidit
674 1723 1030 1795 oavnvanamonroclll‚
1064 1724 1104 1781 ibi
1137 1743 1205 1782 vere
1237 1733 1283 1782 est
1304 1739 1414 1782 eramo
1431 1738 1563 1782 Vhtsalo
1595 1740 1651 1779 nec

316 1828 475 1903 quicquam
498 1825 637 1902 amplius,
664 1825 708 1882 ite
730 1824 841 1882 similia
862 1831 985 1902 peccata
1005 1827 1120 1903 passim
1142 1826 1282 1896 redeunt3
1311 1835 1339 1884 et
1360 1845 1397 1885 ne
1418 1835 1504 1901 putes
1526 1826 1557 1883 in
1581 1824 1651 1883 solo

317 1949 418 1988 errore
433 1947 495 1986 rem
510 1929 686 1999 consistere,
702 1927 742 1984 ibi
754 1927 1012 2005 impudentissime
1023 1929 1087 1987 fere
1098 1931 1248 2000 mentitur,
1262 1929 1311 1987 ubi
1323 1927 1353 1986 iri
1366 1927 1495 1986 editione
1506 1927 1652 1986 Parisino

318 2032 426 2090 collata
441 2048 496 2088 sua
511 2030 637 2087 lectione
652 2048 778 2105 meaque
793 2031 1026 2089 controversiam
1042 2031 1184 2089 diiudicat
1203 2032 1336 2108 allegatis
1354 2032 1479 2107 ectypis.
1525 2027 1652 2090 Gravis·

317 2137 395 2193 sima
421 2134 494 2191 haec
520 2133 671 2190 accusatio
694 2153 731 2190 ne
753 2134 934 2208 argumentis
961 2133 1148 2204 destituatur,
1176 2134 1214 2193 ad
1242 2134 1380 2212 singulos
1407 2133 1512 2191 titulos
1535 2133 1650 2190 variam

318 2238 476 2296 lectionem
498 2254 595 2293 meam
618 2246 647 2292 et
666 2234 925 2309 Desjardinianam
948 2238 1113 2312 composui,
1136 2256 1212 2312 quae
1234 2237 1353 2312 quidem
1375 2236 1489 2311 aliquid
1507 2235 1651 2294 momenti

318 2341 451 2410 haberet,
473 2351 502 2394 et
525 2346 556 2394 ut
575 2355 660 2396 meos
681 2356 797 2397 errores
820 2356 880 2396 non
901 2339 1015 2412 reticui,
1038 2339 1080 2398 ita
1097 2339 1346 2414 Desjardinianos
1368 2357 1487 2415 qnoque
1510 2338 1650 2396 indicari.

319 2443 399 2502 Nam
422 2460 600 2517 quamquam
623 2440 771 2499 eiusmodi
793 2440 1012 2499 confutationes
1035 2442 1132 2500 adbuc
1154 2460 1272 2518 semper
1294 2443 1461 2517 contempsi
1483 2460 1544 2499 non
1565 2441 1651 2516 igno·

320 2564 391 2604 rans
414 2545 550 2619 equidem
574 2561 664 2618 qnam
688 2543 727 2601 sit
748 2544 919 2601 necessaria
941 2544 1030 2602 etiam
1057 2545 1087 2601 in
1110 2545 1240 2603 minimis
1262 2553 1292 2602 et
1313 2544 1485 2621 adiaphoris
1508 2549 1652 2601 accurata

320 2627 417 2718 lectio,
441 2646 494 2704 sed
516 2646 681 2704 abhorrens
704 2665 722 2702 a
743 2645 960 2704 consuetudine
982 2666 1085 2706 eorum
1108 2649 1241 2706 virorum
1267 2647 1431 2718 doctorum,
1459 2647 1511 2721 qui
1533 2647 1653 2723 Aprum

319 2751 429 2809 sactum
454 2766 521 2807 esse
543 2768 581 2806 ex
598 2750 677 2825 Apte
700 2766 855 2824 annosque
877 2749 925 2807 XI
948 2751 1125 2808 substitutos
1147 2769 1202 2827 pro
1223 2749 1253 2807 X
1274 2750 1385 2827 populo
1407 2750 1546 2807 nuntiant
1567 2747 1652 2806 tibiis

321 2854 458 2930 tubisque
481 2850 714 2921 concinentibus,
742 2851 790 2909 hio
811 2850 870 2908 iam
893 2852 953 2909 alia
973 2869 1021 2910 res
1044 2853 1151 2928 agitur,
1185 2853 1301 2912 scilicet
1321 2852 1418 2911 malae
1440 2851 1509 2910 fidei
1531 2851 1656 2926 publica

320 2955 481 3014 accusatio.
525 2953 572 3010 Ea
593 2953 686 3028 igitur
701 2972 834 3011 errorum
849 2953 990 3012 refutatio
1012 2955 1091 3012 infra
1113 2963 1309 3031 proponetur;
1337 2957 1394 3014 hoo
1415 2954 1485 3012 loco
1504 2955 1653 3029 quaedam

320 3076 428 3134 ponam
463 3056 622 3114 observata
652 3055 683 3112 in
716 3055 887 3131 diplomatis
915 3067 1128 3115 veteranorum.
1172 3056 1300 3116 Errores
1332 3058 1363 3114 in
1396 3056 1433 3115 iis
1466 3056 1590 3115 edendis
1622 3057 1655 3114 in

321 3158 455 3235 Corpore
483 3159 634 3217 commissi
668 3157 748 3232 apud
769 3157 993 3233 Desjardinium
1025 3160 1218 3237 conspicuum
1250 3160 1348 3218 locum
1382 3168 1529 3237 occupant
1555 3178 1653 3236 eoque

321 3264 463 3321 maiorem
486 3261 573 3319 fidem
597 3261 652 3319 sibi
676 3259 827 3317 vindicant
848 3261 929 3336 quod
951 3261 995 3320 sic
1017 3262 1059 3319 ibi
1083 3270 1232 3321 monetur:
1257 3282 1333 3339 pour
1354 3263 1394 3320 les
1416 3261 1555 3338 dipldmea
1576 3262 1654 3318 mili-

321 3369 419 3437 ἰαίνει,
442 3382 472 3422 ce
492 3374 557 3422 sont
579 3364 618 3422 les
641 3373 817 3439 eatcmpnqea
840 3365 1005 3423 ear-mehnes
1021 3384 1075 3441 que
1096 3384 1167 3423 none
1189 3384 1277 3424 avons
1295 3364 1409 3441 publie'a
1432 3383 1465 3421 en
1485 3382 1503 3438 y
1523 3363 1655 3437 ajoutant

323 3469 352 3526 la
375 3468 532 3525 coloratior
554 3467 603 3525 dea
625 3475 797 3524 monumenta
819 3468 982 3541 eripientis.
1026 3467 1230 3528 Recensentur
1251 3467 1357 3526 deinde
1379 3467 1411 3525 in
1432 3464 1557 3544 singulis
1579 3465 1655 3544 legi·

322 3570 377 3629 bns
400 3587 516 3628 errores
540 3569 693 3628 commissi
714 3569 753 3627 ad
774 3568 832 3627 hoc
853 3568 1037 3645 exemplum:

461 3756 573 3833 Corpus
590 3776 623 3832 p.
640 3759 705 3816 855
727 3755 859 3831 (contulit
880 3756 1067 3831 Mommsenh
1247 3755 1291 3815 Oa
1312 3756 1344 3814 lit
1365 3755 1456 3814 anrle
1478 3763 1656 3815 monument.-

366 3896 383 3952 1
390 3899 412 3928 Ν
428 3897 508 3970 foce.
532 3904 585 3951 eet.
613 3895 632 3951 l.
659 3895 695 3952 13
831 3909 1105 3954 v·CALLhEc0Rvm
1324 3888 1593 3952 νὶειιιιιεοιινιι

366 3992 417 4052 2¹¹⁶
469 4027 481 4038 ·
550 4028 560 4038 -
610 3995 629 4053 t.
678 3996 694 4054 3
831 4010 940 4053 ε·ινιι
1325 4010 1449 4053 caver

467 4129 478 4140 ·
552 4129 563 4139 ·
610 4098 628 4154 t.
677 4097 696 4153 4
832 4113 975 4154 sex-eim
1326 4113 1474 4155 samem

368 4202 414 4258 pe
467 4233 478 4244 -
528 4203 579 4256 int.
606 4199 626 4255 t.
680 4201 692 4255 1
832 4199 1038 4257 tillia-elul
1326 4199 1628 4259 rrae·caesaa·nlvl

471 4334 482 4344 -
550 4333 562 4343 -
607 4301 625 4357 t.
678 4302 695 4358 3
832 4297 958 4406 cossi(
1326 4308 1453 4361 cos-‘rh

471 4435 484 4446 -
553 4435 563 4445 -
606 4403 625 4460 t.
659 4404 695 4460 14
831 4410 1165 4465 er·vu·anevcoavra
1327 4411 1613 4464 ermaaevcoavra

370 4588 446 4649 Cum
468 4589 593 4648 tabellas
615 4590 785 4666 recognovi,
807 4590 873 4665 ipse
888 4589 963 4649 meis
986 4591 1083 4649 oculis
1100 4591 1234 4651 diffidere
1249 4591 1334 4668 coepi
1357 4589 1560 4667 advocavique
1582 4594 1654 4652 ami-

328 4711 390 4766 cos,
419 4703 452 4751 ut
478 4699 571 4751 testes
599 4692 671 4750 mihi
698 4701 797 4769 essent
822 4692 853 4751 in
880 4712 912 4750 re
940 4693 1091 4769 praesenti
1119 4693 1342 4770 Desjardinium
1369 4711 1436 4752 cnm
1464 4695 1564 4754 sexies
1590 4715 1673 4761 cor-,

328 4797 448 4867 rexerit,
471 4795 570 4853 sexies
592 4768 746 4852 mentitum
773 4813 849 4854 esse.
893 4795 1052 4855 Mentitum
1079 4797 1160 4868 dico;
1195 4816 1262 4857 nam
1286 4797 1316 4854 in
1345 4797 1465 4856 tabellis
1491 4798 1528 4855 iis
1557 4799 1657 4857 omnia

330 4897 499 4959 clarissima
520 4897 685 4957 certissima
706 4897 931 4957 evidentissima
952 4908 1031 4971 snut,
1054 4907 1087 4957 ut
1100 4919 1137 4959 ne
1152 4918 1226 4976 puer
1241 4900 1359 4976 quidem
1382 4919 1420 4959 ex
1441 4899 1519 4959 Iulio
1534 4900 1655 4959 Rufium

329 5003 428 5060 facere
449 5000 554 5076 possit.
599 5001 702 5076 ltaque
718 5000 871 5059 sollemnis
893 5002 946 5059 illa
968 5003 1004 5059 de
1026 5003 1139 5080 ectypis
1161 5002 1357 5079 praescriptio
1375 5011 1405 5061 et
1425 5002 1493 5080 ipsa
1514 5004 1657 5062 ementita

332 5105 373 5163 sit
394 5119 515 5161 neccsse
536 5109 597 5172 est;
619 5103 709 5161 immo
730 5103 897 5162 tabularum
919 5103 1228 5180 Desjardinianarum,
1249 5106 1438 5184 paucissimis
1461 5105 1595 5182 exceptis
1617 5106 1656 5163 ad

332 5208 400 5285 ipsa
420 5214 611 5265 monumenta
632 5207 795 5282 expressis,
817 5208 920 5267 eadem
935 5208 1009 5268 fides
1029 5218 1075 5268 est
1096 5218 1187 5286 atque
1202 5210 1405 5288 exemplorum
1426 5208 1507 5284 typis
1530 5209 1656 5284 impres·
