3458 6292
506 558 852 610 couunurnrrouns
869 557 1144 608 arrennrrrrcnn
1168 558 1271 610 nnus.
1483 539 1557 608 165

306 728 448 802 Fiorells',
474 730 652 789 Monameati
675 733 784 805 unticli
806 732 956 806 possedisti
976 731 1016 788 da
1038 729 1071 788 S.
1088 731 1126 789 A.
1142 732 1178 789 R.
1202 731 1225 789 il
1246 741 1324 790 conte
1350 732 1382 788 dt
1404 730 1556 803 Strumae,

216 840 281 889 lav.
295 830 362 901 ΙΙΙ,
380 852 414 908 p.
430 830 483 903 13,
510 851 600 909 quern
621 833 731 892 librum
752 833 941 892 rarissimum
963 852 1011 891 me
1032 842 1156 909 rogante
1179 831 1217 892 G.
1240 833 1278 892 de
1300 832 1393 891 Petra
1413 833 1559 910 inspexit,

217 932 359 1006 Florali,
380 932 463 993 Ball.
485 934 565 993 oreb.
580 933 660 1011 Nep.
682 955 728 993 aa.
751 955 774 994 s.
791 935 850 1007 11⁷,
873 936 941 1008 105,
969 936 1047 993 unde
1070 936 1207 1007 Fabula,
1232 934 1263 994 C.
1278 935 1305 993 Ι.
1326 935 1396 993 Ital.
1419 955 1448 993 a.
1466 936 1558 994 2762.

217 1034 363 1109 Meo,
385 1035 526 1096 dbmeal.
543 1038 571 1095 d
590 1036 659 1096 Ort.
674 1036 744 1113 Spr.
758 1056 787 1096 a.
803 1036 873 1107 XL,
889 1039 918 1096 1.
951 1034 1171 1096 Tractaverunt
1184 1037 1356 1107 Minewini,
1377 1037 1460 1096 Ball.
1477 1039 1558 1096 arole.

219 1136 303 1214 Nap.
325 1157 374 1196 aa.
397 1135 562 1209 s.1,163.
591 1141 628 1215 es.
649 1138 709 1209 JV,
732 1139 804 1211 108,
831 1156 897 1217 ego,
920 1140 997 1214 Z.s.
1018 1138 1109 1215 aeryl.
1132 1139 1201 1215 Spr.
1225 1139 1284 1211 XI,
1306 1139 1377 1211 321,
1422 1137 1557 1211 Fiorelli,

227 1240 415 1299 severana
435 1240 626 1317 epigrapliaa
642 1259 675 1316 p.
693 1242 717 1299 1.

226 1492 1558 1502 ——-—-——--————--—-—-—-—-..———-

221 1726 277 1789 19.
318 1726 440 1807 Tegula
466 1728 498 1787 in
525 1746 598 1805 agro
620 1726 755 1789 Cumano
780 1736 902 1804 reperta
941 1727 1121 1805 d'appresso
1141 1727 1193 1786 all'
1215 1727 1293 1786 Areo
1312 1728 1400 1804 selice
1426 1730 1473 1788 ael
1499 1731 1557 1790 lato

262 1830 344 1889 della
370 1828 517 1907 Spiaggia
551 1850 619 1889 eum
656 1833 753 1908 ligura
784 1831 910 1908 graphio
942 1840 1068 1889 exarata
1095 1829 1223 1887 feminae
1254 1830 1351 1889 nudae
1383 1833 1491 1891 stantis
1525 1834 1556 1891 in

264 1932 359 2009 globo
381 1941 413 1992 et
432 1932 581 1993 bracchiis
602 1933 762 2009 pandentis
784 1932 918 2010 amplum
940 1932 1066 2011 pallium
1088 1932 1255 2004 stellatum,
1282 1933 1312 1990 in
1333 1952 1394 2010 quo
1415 1934 1462 1993 bis
1485 1935 1557 1993 sori-

263 2042 350 2113 ptum
371 2044 433 2094 est:

534 2230 658 2333 upsim
1065 2230 1187 2333 r'rpsim

431 2387 597 2467 Opsiorum
618 2388 769 2466 (donum).
966 2387 1131 2466 Opsiorum
1153 2340 1302 2467 (donuml.

312 2584 352 2647 0.
368 2584 519 2661 eamme
544 2586 650 2664 Tegolo
669 2586 796 2647 Cumano
819 2606 872 2647 coa
892 2598 1135 2664 roppreseatauza
1156 2590 1274 2665 yraffita
1291 2588 1456 2663 eleggenda
1473 2588 1559 2649 Osca.

142 2708 150 2743 t
214 2688 314 2763 1802,
332 2708 367 2767 p.
381 2690 402 2749 1
415 2708 460 2767 sq.
482 2690 504 2749 9
517 2710 561 2767 sq.
584 2700 653 2763 aa,
674 2690 752 2749 unde
767 2690 906 2763 Fabretti,
929 2689 959 2749 C.
973 2689 1009 2786 Ἰ.
1023 2689 1092 2749 Ital.
1108 2710 1137 2748 n.
1151 2689 1251 2760 2761·
1273 2691 1311 2764 cs.
1326 2690 1463 2762 Enderis,
1487 2692 1559 2750 For-

142 2812 146 2853 ·;
217 2792 307 2851 unt.
331 2792 361 2851 d.
390 2790 907 2869 ost.Spr.XL11-XL111,11.
957 2793 1056 2868 Upsim
1086 2817 1124 2842 =
1157 2792 1309 2869 Opsiorum
1335 2800 1381 2850 est
1408 2794 1560 2870 genitivus

142 2898 144 2921 ²
211 2892 351 2971 pluralis
371 2892 508 2953 eiusdem
529 2894 647 2971 generis
666 2905 760 2971 atque
770 2894 926 2965 diacrisim,
950 2893 1079 2970 Safininu
1095 2896 1192 2967 allaim,
1216 2912 1282 2953 cum
1305 2902 1335 2952 et
1356 2894 1436 2953 tituli
1457 2893 1558 2953 Latini

142 2974 174 3025 .'
211 2994 324 3057 ome
338 2996 490 3074 quondam
500 2998 633 3074 regionis
643 2997 773 3056 habeant
784 2996 907 3054 nomina
918 2995 1036 3073 Opsius,
1053 2996 1172 3073 Opiaiua
1195 2996 1342 3072 (Momms.
1364 2995 1391 3054 1.
1413 2997 1449 3053 R.
1463 2996 1559 3072 Neap.

207 3098 285 3159 lna
294 3102 469 3159 παιήων.
482 3108 508 3159 et
517 3099 652 3175 malim),
664 3098 821 3176 etgenitivi
837 3097 962 3175 pluralis
978 3098 1132 3156 nominum
1144 3099 1302 3174 gentilium
1313 3117 1407 3174 nuper
1417 3099 1449 3157 in
1464 3097 1561 3158 lucem

204 3200 391 3281 prodierint
424 3200 547 3261 liriium
568 3226 606 3252 =
637 3202 796 3261 Virrioram
823 3211 853 3260 et
880 3200 1062 3259 Kluvatitam
1089 3225 1127 3251 =
1160 3199 1356 3258 Clooatiorum
1382 3201 1412 3258 in
1441 3201 1560 3259 dedica-

205 3302 341 3363 tionum
362 3301 460 3362 titulis
481 3301 655 3380 Campanis,
676 3302 831 3362 hominum
854 3303 969 3362 scilieet
995 3302 1191 3380 complurium
1221 3301 1356 3361 eiusdem
1377 3303 1486 3379 gentis,
1509 3304 1561 3378 qui

201 3406 284 3467 deis
308 3402 394 3464 dona
413 3404 559 3465 dederunt
579 3405 623 3481 (a.
644 3406 689 3465 12.
712 3404 773 3481 11),
796 3414 827 3464 et
846 3405 1043 3464 dedicationis
1064 3404 1209 3464 formulas
1232 3405 1279 3463 bis
1293 3405 1397 3490 ‚repeti
1411 3405 1442 3462 in
1456 3404 1562 3476 eodem

201 3506 309 3569 fictili
332 3504 489 3585 Campano
503 3525 596 3584 supra
609 3507 845 3568 demonstratum
868 3507 908 3565 sit
929 3507 1109 3584 (n.10.13).
1146 3507 1252 3584 Itaque
1279 3508 1378 3584 Upsim
1400 3507 1561 3583 significat,

206 3610 390 3687 Opsiom
408 3608 507 3689 gentis
523 3606 678 3670 Cumanae
692 3610 831 3669 homines
854 3609 983 3686 effigiem
1006 3610 1079 3668 deae
1094 3610 1220 3686 graphio
1236 3618 1392 3668 exaratam
1414 3610 1445 3667 in
1460 3610 1562 3687 tegula

196 3712 287 3773 huie
320 3710 384 3789 ipsi
409 3708 483 3771 dees
510 3712 589 3772 dono
616 3712 745 3783 dedisse.
787 3712 837 3770 Me
865 3722 964 3771 autem
991 3712 1089 3770 iudice
1110 3712 1184 3771 liaeo
1211 3712 1267 3771 dea
1288 3722 1336 3771 est
1361 3712 1429 3770 Noa
1453 3712 1558 3788 (Verq.

197 3816 291 3877 Δηι.
317 3810 353 3883 V,
378 3812 441 3871 721.
468 3812 541 3886 Vll,
564 3813 631 3875 331.
656 3814 734 3886 XII,
753 3814 825 3874 816.
850 3814 917 3877 860.
953 3813 1037 3872 Ouid.
1061 3815 1142 3872 Fast.
1158 3813 1185 3885 Ι,
1210 3815 1292 3890 155),
1314 3814 1438 3892 pallium
1461 3814 1559 3871 stellis

197 3924 374 3985 ornatum,
394 3914 475 3991 quod
495 3915 655 3993 expandit:
678 3926 856 3975 nocturnum
877 3916 993 3975 eaelum
1016 3916 1182 3989 stellatum,
1205 3916 1322 3993 globus,
1349 3918 1462 3992 inquo
1485 3925 1559 3974 stat:

199 4020 316 4099 polus
338 4016 438 4095 (vary.
453 4016 527 4079 Asa.
545 4018 579 4093 V,
600 4019 670 4097 721)
692 4019 741 4079 vel
762 4020 870 4097 globus
893 4019 1006 4078 mundi.

798 4537 987 4598 POMPEII.

208 4726 284 4791 2⁰.
329 4726 453 4789 Tabula
473 4748 513 4789 ex
533 4727 633 4807 lapide
655 4728 816 4791 Tiburtino
843 4731 895 4807 qui
916 4738 1041 4788 vocatur
1061 4727 1245 4807 marginibus
1274 4729 1421 4805 utrimque
1444 4727 1560 4787 detritis

258 4838 297 4891 es
320 4830 480 4891 dedoiente
506 4838 635 4909 ntroqw
656 4832 769 4909 angulo
791 4831 947 4909 superiore
968 4832 1078 4905 fracto,
1107 4832 1227 4889 inventa
1255 4840 1324 4888 ante
1351 4838 1468 4907 portam
1492 4830 1560 4890 Sta·

142 4962 149 4985 :.
257 4932 389 4993 binnam
410 4932 461 4993 die
483 4930 521 4993 12
544 4934 657 4993 mensis
678 4935 809 5012 Augusti
831 4955 858 4993 a.
877 4932 971 5007 1851,
998 4927 1107 4993 litteris
1130 4934 1168 4992 ad
1189 4933 1324 5011 regulam
1347 4933 1422 4991 bene
1443 4932 1561 5004 incisis,

142 5018 162 5175 [ἱ
258 5052 345 5097 nune
365 5036 400 5097 in
421 5054 530 5098 museo
550 5034 769 5117 Neapolitano:
