3458 6292
209 518 254 588 18
796 534 934 585 naman

287 709 353 768 Iam
375 727 451 786 quae
473 715 639 783 sequuntur
653 707 876 766 tritissimarum
891 709 922 765 in
938 709 1033 766 titulis
1049 707 1218 767 honorariis
1234 706 1429 765 formularum
1447 725 1538 765 usum

204 811 348 870 excedere
370 830 430 870 nou
452 811 602 880 videntur3
625 818 724 868 tamen
746 829 805 869 non
828 811 930 868 omnia
951 811 1100 886 expedivi.
1133 799 1277 883 μεγάλαις
1292 799 1402 892 ἇρχαις
1421 817 1536 867 certum

204 923 265 984 est3
291 912 344 971 sed
371 916 603 969 ΚΑΙΤΑΞΙΑΕΙΣ
631 911 703 988 quid
731 911 771 969 sit
796 913 908 971 nescio.
952 903 1096 970 Ἐκδικιάς
1119 909 1251 969 officium
1275 944 1313 954 -
1336 927 1433 986 neque
1455 909 1536 968 enim

203 1024 251 1073 est
276 1032 382 1074 munus
411 1048 448 1058 -
475 1013 652 1073 creberrime
676 1021 870 1072 memoratum
891 1014 1120 1073 liberalissimus
1141 1015 1271 1089 quisque
1292 1022 1323 1071 et
1343 1010 1535 1087 opulentissi-

203 1134 270 1175 mus
291 1116 399 1174 civium
423 1116 549 1175 subibat.
584 1113 738 1174 Ciceronis
760 1124 808 1175 est
828 1115 957 1193 epistola
977 1117 1016 1174 ad
1030 1116 1193 1186 Thermum
1218 1115 1269 1190 (ad
1283 1114 1355 1173 fam.
1371 1113 1453 1172 XIII
1467 1111 1536 1189 56),

114 1210 120 1229 ⁴
202 1219 232 1277 in
254 1237 315 1295 qua
335 1219 423 1276 haec:
445 1213 585 1294 ‘Mylasis
607 1229 637 1276 et
657 1216 824 1277 AlabandIs
844 1218 1001 1296 pecuniam
1026 1216 1132 1277 Cluvio
1155 1217 1273 1276 debent.
1309 1216 1441 1276 Dixerat
1461 1216 1536 1274 mihi

202 1320 411 1396 Euthydemus
440 1337 506 1378 cum
533 1318 647 1394 Ephesi
675 1337 789 1392 essem,
817 1337 851 1378 se
877 1330 1047 1379 curaturum
1076 1329 1109 1379 ut
1137 1319 1228 1378 ecdici
1255 1318 1377 1395 Mylasii
1405 1316 1535 1376 Romam

201 1422 416 1507 mitterentun
444 1421 481 1479 Id
509 1419 619 1480 fectum
647 1438 707 1481 non
736 1428 793 1480 est.
840 1420 972 1501 Legatos
1002 1421 1092 1481 audio
1119 1423 1230 1481 missos
1258 1439 1342 1492 esse;
1371 1419 1425 1478 sed
1452 1420 1535 1478 malo

200 1525 330 1596 ecdicos,
353 1532 386 1581 ut
406 1523 521 1600 aliquid
542 1523 647 1582 confici
670 1524 777 1601 possit.
817 1521 919 1597 Quare
941 1533 1011 1601 peto
1033 1544 1052 1582 a
1073 1533 1111 1593 te,
1135 1532 1168 1582 ut
1188 1535 1218 1581 et
1238 1540 1291 1584 eos
1313 1532 1343 1581 et
1365 1521 1537 1582 Alabandis

200 1626 303 1686 iubeas
325 1626 442 1686 ecdicos
456 1626 584 1684 Romam
605 1620 740 1684 mittere?
775 1624 863 1685 Unde
886 1626 976 1686 simul
998 1624 1182 1704 intellegitur
1202 1625 1273 1701 quid
1295 1624 1436 1684 differant
1456 1625 1537 1684 inter

111 1798 113 1802 .
202 1746 235 1787 se
261 1729 355 1787 ecdici
381 1735 411 1785 et
437 1727 536 1806 legati.
579 1725 665 1786 Nihil
692 1737 790 1786 autem
817 1729 1002 1805 frequentius
1024 1729 1056 1804 ip
1077 1728 1173 1787 titulis
1195 1737 1256 1800 est,
1283 1745 1374 1803 quam
1396 1728 1535 1786 homines

202 1829 294 1888 ecdici
321 1829 476 1906 eidemque
497 1830 586 1906 legati
593 1851 601 1901 ;
630 1839 756 1906 utraque
777 1831 855 1889 enlm
876 1849 925 1889 res
947 1830 1072 1890 eandem
1093 1830 1278 1889 voluntatem
1299 1829 1535 1905 facultatemque

202 1933 365 2009 flagitabat.
399 1931 445 1992 Cf.
462 1929 495 1990 Ο.
512 1932 536 1989 Ι.
554 1930 649 1991 2719:
672 1927 784 1991 πολλὰς
806 1923 961 2015 πρεσβείας
982 1922 1030 1989 uni
1052 1925 1176 1993 ἐκδικίας
1197 1935 1232 2010 τῇ
1252 1924 1363 2015 πατρίδι
1380 1953 1534 2016 παρεσχη-

201 2025 292 2102 μένου.
337 2030 526 2110 Quapropter
551 2052 611 2093 non
633 2034 743 2092 nimiae
764 2034 907 2093 audaciae
930 2034 1100 2107 incusator,
1126 2034 1207 2112 quod
1229 2055 1269 2093 ex
1292 2039 1399 2092 ΒΗΑΙΣ
1420 2035 1535 2094 litteris

200 2135 257 2194 hoc
281 2135 382 2212 ipsum
405 2133 582 2194 vocabulum
605 2127 801 2218 [πρεσβείαις
822 2135 915 2195 effeci.
960 2135 1101 2196 Genuina
1121 2136 1199 2195 tituli
1222 2137 1319 2195 forma
1339 2155 1400 2194 non
1421 2137 1537 2195 medita

202 2246 248 2296 est
273 2255 327 2297 nec
354 2255 457 2296 versus
483 2237 526 2295 ita
551 2237 655 2310 divisi,
683 2248 716 2296 nt
742 2238 885 2298 diviserat
910 2239 1084 2316 lapidarius.
1132 2236 1339 2316 comptonam
1366 2238 1535 2299 litterarum

200 2338 322 2399 lacunas
343 2338 517 2399 manifestas
539 2347 675 2398 tenemus
696 2339 728 2398 in
743 2359 823 2399 vooc.
845 2330 1147 2421 γυμνασι[αρχῆ]σαιο
1169 2351 1199 2400 et
1220 2331 1377 2417 'armillam
1398 2328 1535 2424 ciphqmc.

199 2440 311 2518 FIngas
332 2443 375 2500 ita
396 2460 499 2500 versus
521 2442 684 2517 dispositos
705 2442 812 2514 fuisse,
834 2452 868 2502 ut
892 2443 930 2501 ab
953 2444 1076 2503 sinistra
1097 2443 1242 2503 dextrave
1262 2451 1347 2519 parte
1369 2443 1464 2501 fracto
1486 2442 1535 2501 la·

199 2543 268 2620 pide
295 2553 325 2603 et
352 2526 441 2628 affl
455 2551 485 2602 et
504 2527 592 2626 ἷιιῙτῙρΪ
607 2551 637 2602 et
658 2526 737 2624 τῖρ-εἷ
751 2544 867 2603 litterae
888 2546 986 2622 perire
1008 2547 1173 2622 potuerint:
1201 2565 1269 2604 nam
1292 2545 1403 2622 singuli
1424 2562 1534 2604 versus

199 2664 259 2704 non
283 2664 359 2724 opus
381 2655 427 2704 est
449 2655 481 2703 ut
502 2646 589 2723 plane
612 2646 734 2704 eandem
758 2647 887 2723 quisque
908 2647 1123 2724 longitudinem
1145 2647 1314 2705 habuerint.

283 2746 428 2826 Superest
454 2758 488 2806 ut
512 2747 721 2823 interpolatam
743 2748 774 2806 ni
795 2747 884 2806 fallor
906 2748 1030 2808 alteram
1052 2758 1150 2809 utram
1170 2738 1218 2806 nai
1239 2748 1417 2827 particulam
1438 2750 1530 2809 tolla-

199 2867 276 2922 mus,
301 2860 353 2909 aut
373 2868 450 2926 quae
473 2858 541 2909 ante
563 2849 594 2906 ἐκ
615 2850 669 2905 τῶν
691 2843 766 2907 ἰδίων
789 2856 841 2908 aut
861 2868 938 2927 quae
959 2859 1029 2929 post
1048 2850 1171 2928 legitur3
1193 2851 1245 2910 vix
1266 2853 1346 2911 enim
1359 2851 1535 2929 inscriptio-

199 2971 270 3009 num
299 2951 483 3010 concinnitas
511 2959 572 3009 tarn
601 2959 739 3031 argutum
766 2952 884 3011 dicendi
911 2969 1007 3030 genus
1033 2955 1146 3030 patitur
1176 2954 1279 3013 inferri
1311 2963 1343 3012 ut
1369 2956 1401 3013 in
1427 2955 1532 3014 verbis

197 3043 245 3109 ani
267 3049 298 3110 ἐκ
318 3054 374 3110 τῶν
395 3046 470 3110 ἰδίων
491 3042 540 3110 καὶ
561 3043 720 3130 «γυμινάτιον
742 3054 866 3113 alterum
888 3046 937 3111 uei
958 3075 1014 3133 pro
1035 3056 1221 3133 gradationis
1238 3057 1386 3132 particula
1401 3058 1531 3116 retinea-

198 3173 277 3214 mus.
320 3153 392 3214 Non
417 3155 543 3213 multum
565 3156 669 3225 refert,
692 3165 791 3215 utrum
812 3147 861 3213 uni
883 3157 1000 3231 deleas,
1023 3158 1076 3217 sed
1097 3158 1198 3236 priore
1219 3159 1287 3220 ideo
1307 3159 1425 3218 facilius
1447 3178 1533 3219 care·

197 3256 310 3329 bimus,
337 3257 418 3333 quod
439 3255 470 3314 ἐκ
491 3259 545 3314 τῶν
566 3249 642 3313 ἰδίων
662 3258 755 3316 verba
775 3259 805 3317 in
828 3258 887 3318 fine
908 3258 1029 3337 saepius
1051 3277 1139 3336 quem
1161 3261 1192 3319 in
1214 3261 1360 3338 principio
1383 3262 1532 3321 enuntiati

197 3360 269 3438 poni
292 3358 399 3419 solent.
439 3360 539 3418 Etiam
561 3361 636 3419 haec
656 3359 723 3419 laus
745 3370 793 3419 est
813 3360 892 3420 haud
914 3363 1033 3439 exigua,
1056 3362 1148 3421 ecdici
1169 3363 1319 3441 legatique
1340 3362 1439 3422 officia
1459 3383 1529 3440 pro·

196 3460 271 3539 priis
291 3460 438 3540 impensis
459 3462 657 3540 praestitisse.
702 3460 749 3521 cf.
771 3461 844 3520 Keil
865 3460 943 3540 Syll.
964 3464 1054 3523 inser.
1076 3464 1181 3524 Boeot.
1204 3464 1320 3541 p.123.

283 3567 447 3621 ΓΙΜΝΑΝΔ
471 3563 574 3640 paullo
596 3564 755 3622 violentius
777 3567 931 3641 temptavi,
953 3565 1004 3625 aed
1028 3585 1087 3626 non
1110 3567 1184 3626 citra
1204 3568 1421 3627 necessitatem.
1455 3589 1532 3644 yon·

198 3655 273 3721 νάδα
294 3664 331 3724 de
352 3683 412 3742 quo
434 3667 502 3742 quis
525 3666 635 3743 cogitet
655 3665 726 3724 ferri
748 3667 861 3743 nequit.
897 3666 1120 3747 Lexicographi
1141 3670 1219 3729 enim
1241 3678 1398 3747 poetarum
1414 3669 1533 3746 aliquot

197 3766 283 3826 locos
309 3767 475 3827 indicantes
499 3767 551 3827 ubi
576 3767 655 3826 idem
681 3768 752 3828 'esse
778 3777 884 3847 putant
904 3771 984 3848 quod
1006 3761 1165 3847 γυμνάσιον
1185 3772 1334 3832 incautius
1356 3779 1463 3852 agunt:
1490 3792 1530 3832 ne

196 3879 303 3946 poetae
331 3869 450 3946 quidem
478 3889 609 3947 unquam
637 3871 694 3929 hoo
722 3871 870 3930 vocabulo
896 3871 995 3932 locum
1024 3873 1209 3952 significant,
1238 3875 1289 3935 ubi
1311 3882 1465 3936 exerceret
1493 3893 1531 3935 se

197 3971 345 4031 iuventus.

280 4063 553 4156 yupva[er]a’[p]ana
579 4083 659 4133 certo
685 4076 818 4147 correxi3
844 4093 940 4153 neque
966 4077 1014 4136 hic
1039 4101 1057 4134 κ
1082 4079 1113 4138 in
1135 4101 1163 4157 χ
1188 4085 1304 4138 mutare
1325 4080 1408 4139 volui
1429 4098 1530 4156 neque

196 4194 288 4252 supra
308 4185 361 4235 aut
382 4165 553 4257 ἔφᾶβαρκον
574 4177 739 4236 rescribere
759 4188 812 4236 aut
834 4169 1107 4262 ysavaernpurfrnrc.
1142 4180 1293 4241 Incertum
1315 4183 1406 4254 enim,
1427 4190 1531 4260 poste-

194 4279 283 4338 rioris
304 4277 410 4337 aetatis
426 4278 592 4338 Aeolenses
613 4290 760 4355 quatenus
783 4281 873 4339 etiem
894 4281 926 4339 in
946 4282 994 4341 his
1016 4282 1149 4341 minutiis
1172 4284 1323 4345 constanti
1343 4302 1530 4360 severasque

194 4381 256 4459 legi
277 4397 310 4439 se
331 4381 512 4441 addixerint
549 4380 664 4440 Eadem
686 4382 723 4441 de
743 4400 835 4442 causa
855 4402 947 4461 supra
966 4384 998 4442 in
1020 4405 1049 4443 n.
1062 4384 1124 4443 VII
1145 4377 1232 4469 ἱερέαν
1253 4395 1284 4444 et
1304 4377 1445 4471 iepopo'pov
1465 4386 1528 4446 for-

194 4501 260 4542 mas
282 4500 342 4542 non
364 4484 533 4543 sollicitavi.

194 4694 285 4754 XXI.
321 4696 357 4754 In
378 4695 494 4757 balneis
508 4697 599 4758 Lesbi
614 4699 687 4758 Pan.
724 4698 772 4757 Ad
794 4699 886 4758 alium
908 4699 1038 4775 lapidem
1060 4720 1259 4761 marmoreum
1274 4701 1351 4774 Pac,
1373 4702 1426 4762 ubi
1440 4718 1529 4780 prae·
1563 4692 1566 4697 ¹

235 4798 315 4857 cedit
341 4797 447 4857 titulus
475 4797 570 4874 (c.1.
593 4800 688 4879 2171)
715 4801 753 4860 ad
780 4803 889 4862 balnea
916 4800 1028 4862 Lesbia
1054 4803 1193 4862 inventus
1219 4800 1289 4881 ‘que
1316 4805 1408 4881 vulgo
1437 4822 1529 4883 grece

236 4893 353 4983 Oappnq‘
375 4899 604 4978 nuncupantur’.
1198 4925 1202 4931 ·

763 4997 902 5091 Ἀρτέμιδι

766 5102 870 5192 Θερμῖα
891 5104 958 5168 atia-

765 5201 822 5269 κθΙω
843 5204 930 5274 At'tuc
