3458 6292
421 511 767 564 connfflnrnnronss
786 514 1061 564 nerunnrnrcns
1080 516 1182 566 runs.
1393 497 1462 565 183

138 680 196 742 ⁶8.
232 683 445 760 Fragmentum
466 704 590 761 parvum
613 687 741 745 laminae
759 706 868 745 aeneae
882 688 1029 762 utrimque
1044 688 1204 764 inscriptae
1219 687 1250 745 in
1265 707 1369 746 museo
1383 687 1464 746 Nea·

177 786 325 864 politano,

177 944 207 983 u.
239 926 403 984 maioribus
423 925 543 985 litteris:

449 1148 452 1153 Ι
500 1060 505 1162 Ι
533 1088 594 1181 mu
612 1117 648 1134 ..
853 1083 984 1142 Maius?

177 1236 205 1294 b.
240 1237 408 1296 minoribus
429 1237 552 1297 litteris:

492 1452 532 1520 t.
548 1443 666 1559 statiis
852 1462 939 1523 Titus
962 1462 1085 1536 Statius

490 1625 538 1699 g.
553 1599 717 1716 helevii[s
852 1619 966 1680 Gavius
989 1620 1125 1680 Helvius.

216 1824 433 1902 Apogrephum
455 1831 538 1886 misit
558 1825 598 1886 G.
614 1826 651 1884 de
665 1828 765 1885 Petra.
798 1827 901 1887 Edidit
918 1827 1052 1896 Fiorelli,
1078 1825 1171 1886 catat.
1187 1844 1258 1884 mue.
1274 1825 1354 1901 Nep.
1370 1827 1459 1885 Buce.

133 1929 226 2005 epipr.
246 1928 360 1999 ra159,
386 1929 437 2004 qui
457 1928 488 1999 l,
510 1930 587 1988 ee.3
608 1933 669 1988 init.
693 1930 796 1988 habet:
826 1948 854 1988 u.
898 1927 975 1988 Cum
995 1928 1160 2002 Heleoiile]
1181 1927 1257 1987 idem
1287 1933 1326 1986 sit
1355 1946 1463 1986 nornen

132 2028 243 2105 gentile
265 2041 353 2106 atque
368 2029 508 2090 Helleviie
529 2032 562 2090 in
583 2030 694 2090 lamina
715 2031 854 2109 plumbea
868 2029 1021 2108 capuana,
1044 2031 1204 2089 verisimile
1226 2042 1273 2090 est
1293 2032 1373 2090 hunc
1392 2034 1462 2088 titu-

132 2129 196 2190 lum
216 2131 248 2191 in
269 2129 439 2209 Campania
457 2143 608 2210 repertum
630 2118 709 2193 esse.

134 2416 193 2478 69.
236 2417 353 2496 Tegula
372 2421 469 2481 fracte
490 2421 641 2499 quondam
664 2421 759 2482 musei
781 2421 924 2500 Borgieni
946 2440 1023 2480 nunc
1044 2419 1253 2497 Neapolitani:

438 2605 588 2681 helrensff
609 2607 688 2682 frus
849 2627 1021 2687 Herennius
1044 2625 1175 2686 Frontus

439 2731 557 2829 upsed
896 2759 1045 2827 „operatus
1067 2759 1120 2806 est.

216 2935 382 3005 Minerviui,
407 2935 487 2993 Bell.
503 2938 583 2996 arel.
600 2936 680 3012 Nep.
696 2955 742 2995 no.
757 2955 781 2994 e.
797 2937 841 3006 H,
861 2955 893 3011 p.
909 2935 971 2994 119.
1006 2935 1136 3006 Ιῖονεὶἱὶ,
1156 2932 1236 2991 Mon.
1253 2936 1342 3010 epipr.
1359 2933 1461 3008 Pomp.

132 3037 191 3097 tub.
205 3038 247 3108 X,
263 3037 292 3095 3.
305 3057 335 3113 p.
353 3038 401 3108 12,
426 3038 503 3095 unde
527 3038 663 3108 Fulrctti,
689 3037 721 3096 C.
737 3039 763 3095 I.
779 3039 850 3097 Ital.
873 3049 890 3096 t.
907 3036 981 3110 LII,
999 3037 1084 3095 2818.
1117 3036 1251 3106 Fiorelli,
1276 3035 1372 3094 Catal.
1389 3055 1460 3094 mue.

132 3139 214 3215 Nep.
233 3141 323 3198 Boeo.
343 3144 433 3217 epipr.
455 3159 483 3197 n.
501 3142 566 3198 157.
609 3141 675 3217 Ego
698 3145 908 3217 interpretatus
930 3158 995 3199 sum
1018 3139 1052 3196 Z.
1068 3143 1096 3215 s.
1112 3140 1200 3214 cerpl.
1217 3135 1286 3214 Spr.
1303 3138 1363 3209 XI,
1384 3138 1462 3206 323,·

131 3246 170 3318 es.
185 3241 323 3312 Eodem,
344 3242 489 3300 Formenl.
512 3244 539 3300 d.
561 3243 630 3302 Osk.
648 3241 716 3318 Spr.
735 3241 840 3300 XLII.
866 3241 990 3311 XLIII,
1012 3244 1039 3299 7.
1076 3242 1219 3298 Mineru:
1239 3260 1335 3316 upsev.
1378 3240 1460 3297 Fior.

134 3343 246 3403 Catule
261 3347 330 3420 supe
351 3347 442 3421 ppsef.
477 3344 565 3403 Hanc
587 3344 718 3422 tegulam
742 3357 793 3402 aut
814 3349 844 3402 in
860 3342 1025 3419 Campania
1047 3354 1098 3401 aut
1119 3349 1148 3401 in
1165 3339 1287 3402 Samnio
1310 3344 1459 3401 inventam

131 3463 200 3503 esse
214 3465 251 3504 eo
266 3446 459 3522 intellegitur,
481 3448 560 3523 quod
583 3466 689 3506 nomen
711 3447 822 3524 gentile
837 3448 1001 3516 Heirennie,
1023 3446 1143 3516 Hercei,
1165 3445 1232 3503 Lat.
1248 3445 1410 3503 Herennius
1431 3449 1461 3501 in

130 3547 180 3607 his
201 3548 373 3626 regionibus
395 3548 535 3625 frequens
558 3559 605 3608 est
626 3550 783 3625 (Montius,
808 3549 873 3608 Unt.
889 3548 973 3607 Dial.
994 3568 1025 3624 p.
1044 3548 1117 3617 261,-
1142 3546 1174 3605 C.
1190 3547 1224 3605 Ζ.
1241 3548 1270 3620 s.
1286 3547 1374 3622 verpl.
1390 3546 1459 3622 Spr.

130 3649 192 3722 XI,
208 3650 265 3709 401
280 3650 349 3728 sp).

133 3913 193 3976 70.
220 3914 371 3975 Nummus
394 3928 552 3995 argenteus
575 3936 641 3976 cum
661 3922 757 3993 capite
778 3917 913 3974 mulieris
935 3920 967 3974 iu
981 3915 1075 3974 altera
1096 3922 1180 3991 parte
1202 3913 1291 3972 habet
1312 3917 1343 3972 in
1366 3913 1461 3970 ultera

174 4018 311 4095 mytilum
333 4038 399 4077 cum
421 4038 505 4077 mure
527 4032 557 4076 et
576 4020 816 4098 inscriptionem:

716 4191 881 4269 viskinis.

217 4386 363 4458 livellino,
402 4386 508 4463 Opuec.
539 4389 590 4459 ΙΙ,
627 4399 682 4447 tao.
711 4389 782 4460 ΙΙΙ,
812 4389 860 4461 13,
879 4407 911 4463 p.
941 4388 995 4457 56,
1033 4396 1107 4444 teste
1137 4386 1175 4446 U.
1193 4406 1220 4443 v.
1247 4386 1458 4454 Wilemowitz‚

131 4505 199 4546 cum
228 4493 293 4565 ipse
324 4489 402 4547 hunc
432 4489 541 4548 librum
573 4510 651 4549 nunc
679 4491 825 4568 inspicere
862 4509 921 4548 non
952 4494 1117 4565 potuerim;
1153 4488 1221 4546 inde
1250 4488 1393 4556 Fabretti,
1426 4486 1456 4545 C.

131 4590 160 4647 1.
175 4589 241 4648 Ital.
265 4600 283 4648 t.
299 4590 372 4662 LII,
397 4592 490 4651 2835.
535 4589 697 4651 Nummum
719 4594 808 4670 posui
833 4592 891 4650 hoe
912 4590 994 4663 locu,
1021 4610 1088 4648 cum
1117 4610 1172 4668 pro
1196 4589 1277 4650 Osco
1299 4591 1457 4662 habeatur;

131 4697 166 4749 at
186 4711 279 4768 neque
306 4694 337 4752 iu
358 4696 438 4771 typis
459 4697 523 4753 eius
545 4714 641 4772 neque
665 4697 695 4754 in
717 4695 884 4753 litterarum
906 4694 1009 4752 formis
1030 4695 1191 4770 quicquum
1214 4698 1343 4770 reperire
1364 4693 1457 4769 potui,

131 4811 191 4869 quo
213 4794 270 4854 hoc
293 4797 526 4857 demonstratum
548 4799 693 4857 videatur.
