3458 6292
861 464 1024 516 CORSSEN
1034 469 1041 511 :

1049 562 1524 575 ...-—--—————-—-—---
1537 562 1610 567 ,...,,

633 643 734 702 Aulus
756 640 941 719 Lamponius
964 638 1063 715 Pequi
1085 637 1105 696 f.

635 764 754 842 Oppius
777 762 859 841 ptum
882 739 1001 820 aarum
1022 759 1080 818 hoc
1101 734 1221 834 (seuit).
1245 789 1283 798 -

695 882 817 945 Salvius
840 880 954 959 (Salvi)
979 879 1056 939 vale.

288 1068 338 1146 (εχ.
362 1085 452 1142 supra
471 1085 503 1141 p.
526 1060 583 1121 153
604 1079 648 1137 tq.
670 1060 735 1118 117.

295 1352 702 1369 ———...-.—--

291 1599 438 1661 88-94.
488 1595 551 1657 Sex
573 1596 701 1655 laminae
722 1612 816 1652 aenea
837 1590 1025 1651 collectionis
1055 1607 1155 1649 rerum
1177 1589 1385 1664 antiquarum,
1407 1606 1485 1664 quae
1505 1597 1571 1646 erat
1592 1589 1624 1646 in

332 1701 442 1781 oppido
476 1698 650 1779 provinciae
672 1696 850 1766 Basilicam,
883 1712 962 1753 nunc
994 1693 1025 1750 in
1050 1709 1154 1752 museo
1181 1691 1380 1761 Tauriuensi,
1417 1709 1543 1767 quarum
1567 1711 1626 1749 una

335 1808 484 1883 utrimque
506 1802 653 1876 inscripta
674 1809 720 1856 est
743 1797 784 1874 (a.
800 1796 851 1855 92.
867 1794 937 1873 931:

295 1993 351 2053 88.
480 1991 542 2053 OV
559 2031 566 2045 ·
582 1986 754 2048 AFARIES
771 2028 777 2042 .
795 1986 858 2048 OV
1088 1984 1185 2045 Ovius
1212 1986 1334 2046 diarius
1361 1984 1432 2045 Ovii
1453 1986 1473 2043 f.

294 2113 350 2174 89.
500 2113 529 2171 Ν
546 2153 553 2166 .
570 2109 754 2170 MARAIES
771 2148 778 2162 .
793 2109 824 2167 Ν
1020 2105 1177 2166 Numisius
1200 2107 1333 2165 Marcius
1354 2105 1486 2165 Numisii
1508 2106 1527 2163 f.

293 2234 353 2294 90.
507 2230 694 2291 C.SOIES
711 2271 717 2284 .
734 2229 812 2289 MlN
1079 2226 1198 2288 Gavius
1226 2225 1316 2289 Soius
1343 2228 1430 2286 Minii
1451 2227 1471 2284 f.

294 2355 344 2413 91.
493 2351 558 2412 ΝΟ
575 2394 582 2407 .
599 2349 744 2411 COMNI
761 2390 767 2404 .
784 2347 848 2408 ΝΟ
1058 2347 1177 2407 Novius
1200 2346 1355 2408 Cominius
1377 2346 1470 2407 Novii
1491 2348 1511 2406 f.

294 2474 351 2533 92.
470 2473 532 2534 OV
550 2514 556 2528 .
574 2469 750 2531 CAlSlDlS
767 2508 773 2524 .
791 2467 854 2528 OV
1078 2468 1175 2530 Ovius
1198 2467 1352 2529 Oaisidius
1375 2467 1445 2528 Ovii
1466 2469 1487 2528 f.

295 2597 352 2657 93.
410 2473 426 2675 d
456 2589 879 2653 TR·PLATORIVS·TR
910 2468 926 2669 d
1044 2589 1175 2651 Trebius
1198 2590 1350 2649 Platorius
1373 2590 1517 2649 Trebiif.

295 2718 353 2777 94.
485 2714 507 2774 L
525 2755 531 2769 .
548 2709 726 2773 VILLIVS·
744 2709 773 2769 V
790 2750 796 2766 .
812 2709 833 2768 F
1076 2710 1189 2772 Lucius
1212 2709 1325 2770 Villius
1347 2710 1429 2770 Vibii
1451 2711 1471 2769 f.

380 2903 502 2962 Primus
529 2900 622 2961 edidit
650 2899 800 2958 Fabretti:
835 2897 884 2959 Sci
905 2899 1046 2958 lamiaette
1076 2900 1107 2957 di
1132 2900 1235 2958 dromo
1262 2900 1388 2959 leucate
1417 2903 1529 2959 euticie
1551 2899 1629 2959 della

296 3007 441 3076 Laconia,
471 3003 533 3062 aas
559 3022 573 3061 c
595 3002 733 3060 Memoris
760 3002 838 3060 delle
859 3003 1053 3079 Deputazioac
1079 3004 1110 3060 di
1131 3006 1221 3060 storia
1237 3006 1341 3079 patric
1363 3022 1419 3079 per
1441 3003 1466 3062 lc
1484 3006 1630 3078 prouincia

297 3111 328 3167 di
341 3110 501 3183 Romaque,
524 3124 572 3163 uc.
587 3104 649 3173 III,
662 3124 693 3179 p.
709 3104 773 3162 155.
790 3122 833 3180 sq.
869 3103 1014 3177 Retracto,
1026 3123 1057 3180 p.
1073 3105 1090 3162 1
1104 3123 1159 3181 sq„
1176 3106 1253 3164 ande
1275 3106 1305 3167 C.
1321 3105 1347 3163 I.
1363 3106 1401 3163 It.
1413 3124 1446 3181 p.
1460 3104 1629 3174 CCCXIII,

297 3210 422 3282 LVIII,
449 3210 477 3268 2.
506 3206 602 3267 Glose.
628 3206 667 3264 It.
692 3225 724 3281 p.
752 3204 839 3264 1681.
883 3205 933 3264 Ex
959 3207 1143 3284 apographis
1170 3225 1189 3264 a
1215 3207 1272 3266 Th.
1300 3208 1468 3266 Mommsen
1499 3207 1630 3283 acceptis

298 3312 345 3371 ed.
369 3310 408 3370 G.
431 3310 623 3380 Willmauns,
645 3307 799 3383 Epltcmcr.
822 3312 911 3385 epigr.
932 3308 960 3379 1,
985 3308 1015 3367 C.
1035 3309 1063 3366 I.
1079 3307 1146 3367 Lot.
1169 3309 1263 3386 suppl.
1284 3328 1312 3368 a.
1333 3308 1496 3384 132-138.
1543 3309 1630 3367 Febr.

298 3435 326 3473 a.
357 3414 414 3473 93:
449 3409 609 3471 VllLIVS
638 3417 667 3468 et
700 3410 731 3466 in
756 3410 830 3468 fine:
868 3409 911 3468 VI
939 3410 985 3468 vel
1008 3409 1097 3469 MIN.
1141 3410 1213 3488 Egit
1247 3411 1283 3470 de
1312 3412 1358 3469 his
1384 3412 1505 3470 laminis
1534 3412 1634 3469 aeneis

299 3533 461 3591 eorumque
493 3513 589 3572 titulis
620 3512 788 3571 Mommsen
814 3513 844 3570 in
866 3512 1008 3572 societate
1035 3512 1243 3590 archeologica
1263 3514 1453 3574 Beroliuensi
1480 3514 1631 3589 (Arclcol.

298 3618 418 3695 Ansam.
442 3614 570 3686 XXIII,
591 3615 678 3687 1861,
703 3634 735 3690 p.
760 3615 827 3690 82),
858 3624 920 3673 tum
947 3633 1004 3693 ego
1033 3618 1159 3675 tractavi
1185 3617 1438 3676 nominativorum
1465 3617 1578 3674 formas
1600 3617 1631 3673 in

300 3722 344 3780 eis
368 3720 547 3796 conspicuas
570 3717 618 3794 (Z.
634 3721 661 3793 J.
684 3717 773 3792 ecryl.
795 3716 865 3793 Spr.
888 3716 1014 3788 XVIII,
1038 3717 1108 3778 255.
1129 3717 1171 3790 X,
1193 3718 1271 3795 98.).
1316 3719 1381 3778 Iam
1407 3719 1518 3778 dudum
1540 3719 1632 3795 igitur
1653 3709 1654 3713 ¹

299 3823 467 3882 Mommsen
503 3819 653 3879 intellexit
675 3817 774 3878 Oscos
810 3835 878 3877 esse
904 3819 1078 3897 plerumque
1104 3820 1160 3879 hos
1187 3822 1306 3894 titulos,
1333 3822 1381 3880 oui
1406 3839 1462 3899 ego
1490 3839 1631 3880 assensus

300 3943 382 3995 sum;
420 3933 483 3981 tum
510 3923 629 3982 demum
656 3919 696 3981 G.
724 3919 908 3981 Willmanns
935 3923 967 3981 in
993 3923 1118 3982 eandem
1146 3924 1323 3982 sententiam
1349 3924 1497 3985 disserere
1524 3923 1631 3999 coepit.

301 4024 345 4086 Ut
387 4026 490 4102 paucis
529 4042 592 4082 rem
632 4023 897 4101 comprehendam,
941 4024 1151 4101 inscriptiones
1191 4045 1220 4082 n.
1244 4025 1366 4086 88--99
1410 4027 1499 4103 plane
1535 4025 1634 4085 Oscos

300 4146 379 4199 esse,
415 4128 523 4186 docent
558 4135 589 4184 et
621 4126 759 4202 syllabae
793 4126 900 4185 finales
936 4127 1088 4186 nominum
1120 4127 1275 4203 gentilium
1310 4138 1341 4187 ct
1372 4129 1567 4205 praenomina
1603 4135 1633 4186 et

302 4241 393 4290 notae
415 4230 644 4308 praenominum
666 4229 760 4306 patris
783 4246 843 4286 non
865 4228 968 4287 addita
989 4231 1072 4288 vocis
1094 4229 1147 4287 filii
1169 4228 1270 4288 littera
1295 4231 1400 4306 prima.
1444 4230 1632 4290 Nominativi

302 4343 402 4391 autem
431 4333 561 4409 Ajoriec,
589 4330 731 4401 Marsica,
759 4327 850 4402 Scies,
881 4328 1007 4390 causeo
1034 4332 1217 4410 respondent
1245 4333 1376 4408 antiquis
1396 4332 1527 4392 Lucanis
1555 4334 1633 4392 tituli

301 4435 467 4494 Dianensis
498 4432 624 4493 Graecis
651 4432 760 4491 litteris
787 4433 891 4508 scripti
919 4437 1007 4492 Οπιες
1038 4446 1068 4493 et
1097 4439 1230 4494 Λαπονις.
1279 4434 1378 4493 Etiam
1406 4436 1511 4494 titulus
1539 4456 1567 4494 n.
1591 4436 1630 4494 93

303 4537 404 4597 Oscus
426 4545 482 4608 est,
503 4545 712 4614 praeterquam
739 4535 818 4610 quod
847 4535 966 4611 syllaba
986 4535 1083 4594 finalis
1106 4537 1236 4594 nominis
1257 4535 1407 4596 Plaetorius
1435 4537 1471 4596 de
1499 4536 1579 4596 Osco
1601 4539 1632 4596 in

303 4639 443 4698 Latinum
466 4657 634 4698 sermonem
656 4637 786 4696 deflexit.
830 4634 945 4696 Contra
974 4638 1096 4698 ultimus
1124 4639 1229 4699 titulus
1253 4636 1352 4699 Oscae
1373 4640 1494 4718 liuguae
1516 4640 1632 4697 nullum

304 4741 436 4801 servavit
456 4741 599 4800 iudicium
622 4740 679 4799 nisi
702 4758 883 4818 praenomen
911 4739 1040 4816 tuoe).
1083 4742 1190 4817 Itaque
1212 4743 1268 4801 hos
1289 4741 1365 4802 duos
1388 4742 1507 4801 ultimos
1529 4741 1634 4800 titulos

304 4853 388 4922 patet
413 4862 450 4903 eo
477 4845 596 4903 demum
623 4853 756 4919 tempore
785 4844 914 4921 scriptos
941 4860 1024 4915 esse,
1052 4861 1113 4921 quo
1136 4844 1235 4904 Oscae
1255 4844 1374 4923 linguae
1394 4845 1550 4922 integritas
1573 4845 1633 4902 iam

306 4947 510 5024 praepotentis
538 4944 665 5004 Latinae
695 4944 724 5003 vi
752 4945 903 5023 corrumpi
928 4956 1036 5023 coepta
1060 4957 1140 5020 erat,
1166 4946 1281 5007 sufficet
1307 4956 1378 5024 post
1399 4947 1510 5008 Oscum
1536 4946 1632 5025 legem

307 5048 467 5109 Bautinam
489 5047 606 5108 Latinis
628 5048 736 5108 litteris
758 5055 942 5125 conceptam.
