3458 6292
205 522 276 592 120
633 542 943 593 nnnrrsumvrvm
960 540 1045 592 von.
1064 541 1094 601 11

206 714 340 774 Casuaria
373 717 573 793 coadunandis
602 718 670 775 dece
696 717 840 775 dictatura
866 719 897 772 iu
921 726 1090 791 perpetuum
1117 713 1242 771 tollenda
1270 713 1337 770 deae
1365 714 1475 771 colonis
1504 716 1536 769 iu

202 836 288 892 apros
315 819 484 876 deducendis
506 819 605 877 tulisse
627 818 671 876 tt.
694 819 836 876 Antonius
857 819 972 889 dicitur,
994 818 1106 875 casdem
1129 815 1203 893 lepus
1226 817 1261 874 de
1282 818 1404 892 iuteprc,
1431 826 1463 873 ut
1480 833 1535 891 po·

197 920 300 995 pulum
323 929 449 992 teneant,
476 922 567 979 sulcis
591 923 729 997 stupidis
744 923 823 996 suri
841 921 945 996 placet.
988 918 1067 978 Nam
1095 936 1274 994 quamquam
1302 917 1339 975 de
1366 917 1482 976 colonis
1503 917 1534 973 in

201 1022 291 1081 ltalia
315 1023 451 1081 deductis
476 1022 667 1099 potissimum
695 1023 743 1099 agi
770 1024 827 1081 hoc
851 1022 922 1107 loco
948 1028 1079 1091 constat,
1106 1020 1181 1078 nihil
1205 1019 1344 1096 impedit,
1372 1020 1535 1095 quominus

201 1124 291 1183 etiam
317 1125 519 1200 provinciales
545 1125 679 1184 colonius
706 1125 851 1200 quasdam
873 1124 1025 1183 Antonius
1053 1122 1142 1181 simul
1163 1122 1357 1181 confirmarit.
1401 1120 1535 1183 Senatus

201 1228 372 1286 consultum
395 1227 536 1304 plebique
558 1228 663 1286 scitum
686 1246 764 1303 quae
785 1226 893 1285 deinde
914 1232 1185 1285 commemorantur
1206 1224 1245 1283 ad
1266 1225 1364 1283 solam
1385 1224 1536 1284 coloniam

203 1327 381 1388 Genetivam
408 1330 546 1388 videntur
572 1330 754 1405 pertinuisse
780 1329 904 1406 eiusque
931 1328 1123 1389 deducendae
1150 1326 1233 1405 leges
1261 1326 1430 1395 accuratius
1455 1326 1536 1385 ordi·

201 1433 333 1490 novisse.
355 1466 393 1475 -
421 1432 559 1490 Deducta
583 1431 673 1508 igitur
700 1443 746 1491 est
766 1431 886 1490 colonia
909 1431 956 1489 vel
979 1438 1059 1490 certe
1080 1431 1130 1490 lex
1151 1431 1319 1508 perscripta
1339 1428 1446 1507 primis
1465 1438 1536 1504 post

201 1530 237 1591 C.
261 1532 403 1594 Caesaris
424 1534 539 1592 obitum
561 1533 731 1605 mensibus3
759 1533 806 1591 cui
828 1534 956 1611 tempori
976 1544 1057 1592 recte
1079 1533 1228 1605 convenit,
1249 1531 1329 1607 quod
1352 1532 1379 1591 is
1402 1531 1536 1591 nondum

201 1637 284 1694 diuus
306 1637 422 1695 dicitur.
467 1634 608 1695 Ceterum
630 1644 700 1695 sunt
720 1635 866 1712 quaedam
888 1636 919 1693 in
941 1636 998 1694 hac
1018 1636 1085 1711 lege
1106 1632 1233 1695 Caesari
1254 1635 1325 1693 rivo
1347 1632 1536 1711 aliquantum

201 1738 319 1815 aptiora
345 1756 435 1814 quam
462 1749 595 1810 mortum
623 1738 754 1797 maxime
780 1738 859 1815 quod
886 1739 918 1796 in
944 1739 1043 1816 capite
1069 1736 1208 1797 deludis
1231 1735 1328 1812 siqui
1351 1733 1536 1796 inssuCae·

202 1841 279 1898 saris
306 1842 513 1917 magistratum
540 1839 661 1899 habebit
682 1841 767 1898 locus
790 1840 941 1912 tribuitur,
968 1848 1037 1917 post
1058 1848 1185 1899 mortem
1206 1839 1271 1898 cius
1296 1838 1349 1897 vix
1370 1838 1461 1898 scribi
1484 1856 1537 1915 po·

201 1943 268 1999 tuit.
311 1943 436 2001 Videtur
462 1944 553 2021 igitur
580 1944 656 2000 baec
682 1943 734 2001 lex
761 1962 830 2001 vere
858 1943 1011 2001 dictatoris
1039 1943 1125 2001 iussu
1151 1941 1262 2019 scripta
1289 1959 1359 2001 esse
1382 1960 1439 2001 nec
1467 1949 1539 2015 post

202 2056 327 2103 mortem
349 2045 414 2103 eius
436 2045 495 2103 nisi
518 2045 727 2122 supplementa
747 2044 893 2121 quaedam
915 2045 1076 2121 recepisse.

59 2154 194 2204 erlulia
286 2144 376 2219 Quod
402 2147 543 2205 scribitur
571 2147 664 2219 3,1u
691 2164 780 2223 agros
806 2166 860 2205 eos
889 2147 926 2205 de
952 2147 1062 2223 quibus
1090 2147 1147 2205 hac
1171 2146 1238 2225 lege
1263 2144 1362 2223 agitur
1389 2144 1456 2204 dari
1485 2145 1538 2203 ad·

76 2230 179 2293 agraria
204 2248 318 2326 signari
346 2268 379 2307 ec
401 2249 459 2325 laps
481 2248 575 2319 Iulio,
601 2267 637 2306 eo
666 2249 854 2325 significatur
876 2267 935 2307 non
956 2249 1006 2308 lex
1027 2248 1085 2325 ipsi
1108 2248 1245 2308 coloniae
1268 2244 1433 2307 (iuneti-vae
1457 2247 1540 2319 data,

204 2349 258 2408 sed
280 2351 429 2428 generalis
451 2354 584 2427 upra-ria,
605 2370 690 2427 quum
714 2351 745 2412 C.
769 2350 879 2411 Cacsar
899 2352 964 2410 tulit
985 2351 1094 2426 (verba
1115 2361 1187 2410 sunt
1207 2348 1374 2410 callistrati
1395 2348 1472 2426 Dig.
1487 2350 1540 2421 47,

204 2453 253 2524 tl,
270 2456 287 2513 3
303 2454 374 2530 pr.).
408 2451 506 2526 Quam
529 2473 596 2512 cum
615 2453 727 2512 dudum
747 2453 1051 2512 demonstraverimus
1066 2452 1242 2513 Rudarffius
1256 2470 1372 2532 egoque
1393 2452 1539 2529 (gromat.

204 2554 237 2627 2,
260 2556 331 2614 323.
355 2536 431 2625 t443
462 2557 500 2614 cf.
527 2556 705 2631 Marquardt
729 2554 1004 2632 Staatrucruultuup
1033 2555 1168 2631 1,447)
1194 2573 1254 2613 non
1280 2554 1400 2613 differre
1425 2554 1467 2613 ab
1493 2573 1541 2627 ea,

203 2658 289 2715 cuins
310 2657 410 2735 capita
430 2659 488 2716 tria
509 2667 661 2734 tamquam
677 2658 753 2736 legis
769 2658 922 2717 Mamilius
936 2658 1066 2717 Rosciae
1079 2657 1257 2717 Peducaeus
1271 2656 1408 2743 Allienae
1423 2656 1542 2716 Fabiae

204 2778 313 2837 corpus
340 2760 569 2835 gromatioorum
597 2779 625 2836 p.
643 2760 756 2836 tuasq.
785 2761 930 2831 servavit,
956 2761 1015 2819 iam
1042 2779 1078 2818 ea
1098 2762 1270 2819 coniectura
1290 2760 1408 2838 egregie
1430 2760 1542 2819 confir·

204 2872 316 2933 matur;
343 2882 412 2920 nam
440 2861 521 2938 quod
548 2871 637 2937 caput
658 2872 705 2921 est
725 2863 801 2940 legis
824 2862 977 2922 Mamilius
996 2862 1106 2934 LIIII,
1133 2864 1164 2921 in
1192 2863 1258 2941 lege
1279 2862 1415 2921 coloniae
1438 2860 1542 2922 Gene-

205 2964 283 3021 tivae
305 2982 330 3022 c.
347 2961 439 3022 ClllI
461 2965 504 3022 ita
524 2964 616 3036 redit,
645 2975 677 3022 ut
699 2965 749 3023 nbi
771 2965 824 3023 illa
844 2965 881 3023 de
902 2984 976 3043 agro
998 2966 1029 3023 in
1051 2966 1226 3024 universum
1248 2964 1390 3043 disponit,
1411 2964 1489 3024 haec
1510 2964 1544 3023 id

204 3066 303 3140 ipsum
331 3066 367 3123 de
393 3066 458 3125 solo
486 3066 633 3125 Genetiva
659 3067 766 3125 iisdem
794 3068 892 3126 vorbis
919 3076 1044 3144 repetat.
1088 3068 1194 3144 Itaque
1221 3086 1286 3125 cum
1314 3067 1370 3124 illa
1395 3067 1442 3126 sic
1468 3065 1544 3125 inci-

204 3170 282 3244 piat:
306 3186 379 3244 quue
401 3169 513 3227 colonia
535 3170 588 3226 lruc
610 3170 669 3245 lepc
691 3171 813 3228 deducta
834 3170 944 3246 quodue
964 3172 1153 3246 municipium.
1166 3171 1349 3245 praefectura
1357 3172 1462 3245 sorum
1477 3186 1545 3227 cou-

205 3271 368 3329 ciliabulum
390 3275 569 3330 coustitutum
590 3276 657 3343 crit,
686 3270 866 3331 Genetivam
888 3283 1013 3349 apparet
1034 3291 1124 3331 unam
1145 3290 1215 3331 esse
1236 3292 1275 3330 ex
1297 3271 1387 3330 rebus
1408 3272 1545 3349 publicis

205 3373 243 3430 ad
268 3373 394 3432 formam
420 3393 439 3431 a
460 3371 592 3433 Caesare
618 3375 803 3452 propositam
832 3373 990 3432 ordinatis.
1032 3372 1173 3450 Denique
1200 3393 1260 3451 qua
1284 3374 1322 3431 da
1343 3392 1376 3431 re
1397 3373 1545 3433 dissensi·

205 3493 273 3533 mus
289 3475 464 3534 Rudorffius
486 3485 517 3534 ct
538 3494 603 3552 ego,
626 3496 692 3534 eum
714 3477 766 3535 illc
781 3476 877 3552 legem
893 3476 1057 3534 Mamiliam
1073 3477 1217 3535 tribueret
1231 3462 1266 3536 C.
1283 3473 1409 3535 Caesari
1425 3475 1546 3535 Tiberii

205 3578 323 3653 nepoti,
350 3596 406 3654 ogo
429 3578 580 3648 dictatori,
609 3598 657 3637 ma
678 3598 780 3636 verum
803 3578 916 3636 vidisse
939 3590 1009 3654 past
1030 3579 1125 3655 legem
1148 3577 1314 3639 Genetivae
1335 3578 1476 3638 coloniae
1498 3598 1546 3637 re·

206 3691 321 3757 pertam
343 3691 431 3740 extra
452 3680 688 3739 controversiam
710 3692 765 3739 est.

65 3792 121 3840 Iar
134 3789 197 3838 dato
293 3783 365 3859 lpsu
385 3784 436 3842 lox
457 3802 547 3859 quam
568 3796 705 3841 tenemus
727 3801 786 3841 non
808 3791 914 3860 rogata
935 3793 982 3842 est
1003 3783 1199 3859 (quamquam
1220 3783 1367 3843 remansit
1381 3780 1412 3853 2,
1427 3782 1468 3842 28
1483 3783 1547 3842 ior-

206 3885 288 3942 mnla
309 3885 465 3943 sollemnis
488 3886 712 3961 sxa-urar),
734 3886 787 3943 sed
810 3888 880 3944 data
901 3884 1029 3960 (8,14);
1053 3886 1169 3945 scilicet
1188 3887 1272 3946 iussn
1294 3882 1440 3945 Caesaris
1463 3886 1546 3963 lege-

206 4005 265 4062 que
279 3990 414 4045 Antonia
435 3996 486 4045 ant
508 3989 575 4064 ipse
590 3989 742 4046 Antonius
764 3996 818 4045 aut
838 3988 916 4046 alius
938 3987 1060 4064 quidam
1083 4007 1179 4047 novae
1200 3988 1336 4047 coloniae
1352 3987 1438 4064 leges
1451 3988 1546 4061 dedit,

207 4107 267 4164 qua
289 4089 326 4147 de
346 4109 379 4146 rc
401 4089 465 4147 dixi
487 4090 526 4147 ad
547 4090 630 4165 leges
651 4090 860 4147 Malacitanarn
883 4096 912 4147 et
934 4086 1153 4165 Salpensanam
1175 4108 1204 4166 p.
1221 4090 1291 4149 394.
1328 4088 1412 4149 Data
1433 4090 1474 4151 sit
1496 4110 1546 4149 ne·

208 4210 293 4250 cesse
321 4202 368 4249 est
395 4210 430 4249 eo
453 4193 521 4267 ipso
543 4200 691 4266 tempore,
718 4210 777 4267 quo
800 4190 919 4249 calonia
940 4193 1103 4250 constituta
1123 4200 1184 4264 est,
1209 4191 1241 4249 id
1261 4192 1343 4269 qnod
1364 4194 1546 4252 confirmant

208 4294 300 4351 verba
318 4297 344 4365 l,
362 4294 413 4352 19:
437 4299 603 4369 quicumque
619 4294 701 4351 Hvir
718 4294 948 4369 postcommum
968 4295 1118 4352 deductam
1132 4296 1234 4369 suctus
1255 4304 1404 4353 creaturae
1425 4300 1490 4367 crit,
1512 4304 1545 4353 ut

207 4396 352 4453 formulae
375 4407 443 4472 post
470 4399 610 4455 calculum
637 4398 787 4454 deductam
813 4406 843 4454 et
863 4406 932 4473 post
953 4397 1027 4455 lanc
1050 4397 1136 4472 lupera
1156 4398 1254 4457 datam
1276 4396 1462 4475 (8,14).re
1484 4416 1543 4457 non

209 4498 357 4557 differant.

74 4607 191 4656 'rabulae
294 4599 448 4661 Scribcndi
470 4602 548 4659 ratio
571 4622 639 4660 cum
660 4600 758 4677 ipsius
778 4601 854 4677 legis
870 4610 966 4659 aetate
982 4620 1087 4678 purum
1103 4601 1257 4673 convenit3
1279 4620 1349 4661 nam
1363 4620 1434 4661 cum
1447 4602 1591 4681 legen.

81 4681 185 4765 qnando
210 4704 350 4778 scriptam
373 4723 441 4762 esse
462 4725 489 4763 a.
506 4724 534 4762 u.
551 4724 576 4762 o.
595 4705 654 4762 710
677 4704 989 4775 demonstraverimus,
1013 4713 1044 4762 et
1064 4703 1277 4780 grammaticas
1297 4703 1414 4763 formae
1433 4712 1466 4765 et
1485 4704 1591 4763 elc—

79 4763 190 4817 scriptae
209 4815 377 4864 mentorum
399 4809 512 4883 figurae
536 4815 650 4864 tantum
673 4807 761 4864 abest
782 4814 815 4864 ut
836 4806 995 4882 quiequam
1018 4806 1150 4865 habeant
1169 4804 1362 4865 Caesarianis
1382 4806 1536 4885 Augustis
1561 4844 1591 4855 -

208 4926 267 4983 que
290 4910 475 4985 temporibus
500 4910 665 4985 proprium,
688 4920 721 4968 ut
735 4908 868 4986 vulgaris
889 4908 1074 4967 consuetudo
1097 4908 1210 4967 saeculi
1229 4908 1322 4987 primi
1341 4910 1483 4969 exeuntis
1498 4926 1591 4969 ue-

209 5009 358 5085 cundiqne
381 5021 522 5087 perpetuo
545 5012 585 5070 ibi
608 5012 750 5070 obtineat.
794 5010 960 5086 Exemplar
980 5010 1073 5085 igitur
1092 5008 1176 5087 quod
1195 5016 1332 5069 mnamm
1352 5018 1582 5083 temtabatur

210 5113 249 5169 sit
271 5131 393 5171 necesse
415 5124 460 5171 est
481 5124 510 5170 et
533 5113 570 5170 ab
592 5114 630 5171 iis
653 5114 705 5189 qui
727 5114 921 5189 archetypum
940 5121 1047 5186 pastea
1060 5110 1572 5193 descripseruntraoagnovarunt-

209 5231 268 5289 que
294 5214 333 5272 ad
359 5234 432 5273 suae
457 5214 564 5273 aetatis
593 5234 680 5273 usum
707 5225 846 5274 exactum
871 5214 1026 5290 diligentia
1052 5225 1082 5274 et
1108 5212 1280 5275 conslmia
1303 5232 1379 5277 aaut
1402 5212 1557 5277 mirabili·
