3458 6292
358 1609 783 1732 QVAESTIONIIS
823 1609 1379 1725 ONOMATOLOGICAII

722 1794 1012 1909 LATINAII.

605 2330 633 2404 I.
687 2328 880 2404 NOMINA
906 2328 957 2405 IN
985 2328 1059 2405 AN
1064 2330 1128 2406 VS.

202 2524 400 2671 Absoluto
428 2611 546 2670 domum
573 2626 698 2686 corpore
725 2609 951 2687 inscriptionum
972 2608 1148 2669 Latinarum
1170 2610 1235 2669 fieri
1257 2629 1362 2688 posse,
1388 2621 1423 2668 ut
1442 2621 1535 2670 mate·

200 2716 260 2773 ries
289 2713 544 2789 onomatologi
570 2711 695 2770 Latini
726 2712 815 2787 plena
842 2729 877 2769 ac
902 2712 996 2785 iusta,
1028 2713 1149 2788 qualem
1176 2713 1311 2772 Thomas
1337 2713 1534 2773 Reinesius

201 2817 273 2875 olim
301 2817 388 2874 edere
415 2816 471 2873 sibi
499 2809 751 2893 proposuerat¹),
779 2814 887 2873 exinde
908 2832 979 2872 vero
1005 2814 1118 2873 frustra
1144 2815 1385 2891 expectavimus,
1412 2826 1472 2874 tam
1498 2835 1537 2875 ex

202 2918 396 2995 scriptoribus
419 2914 544 2976 Graecis
573 2926 602 2975 et
622 2915 741 2975 Latinis
770 2933 859 2993 quam
885 2935 925 2975 ex
946 2926 1034 2975 vasta
1060 2916 1216 2976 titulorum
1237 2915 1413 2976 Latinorum
1438 2918 1535 2976 multi-

201 3021 319 3092 tudine,
342 3022 412 3078 item
435 3038 475 3077 ex
497 3020 604 3077 aetatis
627 3019 780 3078 Romanae
803 3016 929 3078 Graecis
949 3019 1195 3097 inscriptionibus
1218 3029 1408 3096 congeratur,
1431 3038 1534 3079 omnes

202 3123 324 3182 scimus.
362 3120 469 3198 Itaque
490 3121 658 3180 mirandum
680 3141 741 3180 non
762 3128 807 3180 est
829 3121 910 3197 quod
932 3122 1020 3197 pauci
1042 3131 1158 3181 tantum
1172 3123 1203 3181 in
1218 3131 1394 3199 argumento
1408 3122 1466 3180 hoc
1481 3142 1534 3200 per

203 3244 235 3284 se
264 3224 377 3283 difficili
399 3237 429 3282 et
451 3224 591 3300 ambiguo
613 3223 767 3282 tractando
789 3241 910 3301 operam
933 3223 1078 3283 collocare
1100 3222 1271 3298 voluerunt,
1299 3244 1426 3302 quorum
1448 3231 1533 3301 quot·

205 3336 281 3402 quot
308 3326 379 3385 mihi
406 3327 600 3384 innotuerunt
625 3326 842 3403 disputationes
852 3323 896 3403 ²),
924 3327 949 3385 si
974 3328 1131 3404 exceperis
1153 3327 1360 3387 Mommseni
1387 3326 1424 3384 de
1448 3346 1535 3402 prae·

205 3428 377 3486 nominibus
399 3427 732 3504 commentationemi),
754 3447 923 3505 quanquam
945 3446 1001 3487 sua
1022 3428 1111 3488 laude
1133 3447 1194 3488 non
1214 3428 1413 3502 fraudandae,
1436 3439 1534 3489 tamen

204 3549 240 3587 oo
267 3528 328 3588 fere
354 3548 457 3589 omnes
480 3531 553 3589 vitio
574 3531 727 3603 laborant,
756 3531 834 3607 quod
856 3532 887 3588 in
908 3531 1011 3608 paucis
1033 3537 1148 3589 tautum
1170 3531 1318 3610 exemplis
1339 3530 1534 3591 observandis

281 3807 305 3870 ¹)
333 3809 375 3859 De
394 3810 602 3875 eponymologici
620 3811 675 3860 eius
693 3825 772 3860 manu
789 3811 877 3875 scripti
890 3811 950 3860 iotis
962 3816 1021 3874 post
1034 3809 1064 3861 C.
1080 3809 1112 3862 G.
1127 3811 1299 3861 Millernm
1317 3809 1355 3873 (iu
1368 3811 1459 3862 Wolfii
1472 3825 1534 3861 ana·

203 3904 275 3953 lectis
296 3904 311 3951 2
330 3918 355 3967 p.
371 3902 423 3953 256
431 3902 475 3964 88.)
501 3903 522 3952 Ι.
541 3902 663 3953 Bakins
687 3905 740 3969 egit
764 3905 791 3954 In
811 3904 874 3954 actis
894 3902 1044 3953 academiae
1062 3903 1325 3954 Amstelaedamensis
1344 3901 1487 3970 (8888788988
1505 3918 1535 3953 88

204 3992 412 4060 mededeelinqen)
432 3996 471 4046 VI
497 3995 566 4045 1862
592 4011 617 4059 p.
637 3995 690 4046 340
715 4002 740 4045 et
757 3997 811 4047 VII
837 3996 906 4046 1863
931 4012 956 4060 p.
976 3998 1027 4047 141
1037 4011 1069 4046 ss.
1109 3996 1149 4046 Cf.
1174 3997 1252 4046 etiam
1275 4012 1340 4047 mus.
1364 3996 1447 4048 Rhen.
1466 3997 1535 4047 XIX

207 4089 277 4139 1868
298 4089 432 4154 ρ.29388

283 4179 308 4242 ²)
337 4181 403 4233 Sunt
425 4187 510 4229 autem
530 4180 579 4229 hae
598 4181 652 4230 fere
671 4181 857 4245 disputationes
876 4182 1029 4232 nostratium
1047 4181 1182 4232 hominum
1200 4183 1238 4232 M.
1253 4183 1297 4232 W.
1314 4180 1457 4232 Heffteri
1475 4179 1536 4231 tiber

205 4273 246 4324 die
265 4271 404 4323 rrimiscben
416 4271 555 4323 Peraonen·
576 4271 628 4321 und
642 4270 958 4339 Geretlectneiqennamen
976 4274 1003 4324 iu
1019 4271 1144 4324 Zeitechr.
1151 4273 1201 4339 sair
1215 4272 1442 4340 Gymnotialweaen
1454 4275 1537 4325 XVII

207 4368 277 4416 1862
297 4382 322 4430 p.
338 4367 432 4416 51188.
453 4365 504 4415 636
512 4380 560 4425 88.;
586 4364 619 4416 G.
638 4365 829 4431 Lahmeyeri
853 4364 914 4416 tiber
936 4364 976 4416 ds'e
995 4363 1160 4432 Reihenjolqe
1179 4364 1224 4416 der
1242 4362 1413 4431 Eiqennamen
1432 4363 1536 4417 beiden

206 4457 313 4508 18ιῖ88888
336 4460 363 4508 in
382 4457 520 4521 Philologo
540 4458 623 4507 XXII
644 4457 713 4507 1865
733 4474 757 4523 p.
772 4460 880 4521 46888,
907 4458 937 4509 G.
956 4459 1179 4524 Angermanni
1200 4456 1241 4508 dr'e
1259 4455 1397 4508 rdmiacben
1415 4455 1535 4509 Mortuer-

205 4566 293 4600 uamen
318 4550 368 4616 aus
386 4565 403 4598 a
426 4550 453 4598 iu
473 4548 505 4600 G.
527 4548 609 4598 Curtii
628 4546 734 4600 Studien
751 4553 776 4601 V
797 4553 867 4601 1872
888 4567 913 4616 p.
929 4551 1023 4601 37788.
1044 4550 1104 4615 (qui
1123 4550 1246 4601 Iacobum
1266 4550 1387 4601 Grimm
1411 4565 1498 4615 opusc.
1519 4551 1535 4601 3

206 4659 230 4708 p.
246 4643 298 4693 359
309 4659 342 4692 ss.
362 4641 505 4706 nequitur),
528 4641 756 4706 Francogailorum
777 4642 1124 4695 Grellet-Dumazeau
1147 4649 1204 4692 note
1228 4657 1272 4692 eur
1291 4642 1327 4693 Ias
1345 4658 1414 4692 noma
1426 4658 1536 4711 propres

206 4733 264 4784 8888
283 4735 320 4784 188
338 4733 459 4784 Romaion
478 4713 763 4794 (clermont—Ferrum
785 4735 856 4786 1864
876 4735 912 4797 8.)
938 4741 963 4785 et
980 4734 1012 4786 R.
1032 4735 1156 4784 Mowat
1179 4734 1215 4785 Iea
1232 4751 1302 4785 88888
1314 4750 1426 4804 proprus
1443 4733 1536 4787 Latina

206 4842 236 4876 88
261 4828 328 4876 atius
352 4828 379 4876 in
404 4822 530 4875 rne'moirea
553 4824 584 4875 de
603 4825 631 4875 Ia
649 4823 739 4876 8888888
757 4826 789 4877 de
807 4827 968 4894 linquiatiqae
990 4825 1021 4879 dc
1040 4825 1120 4878 Parit
1141 4828 1209 4879 1868
1229 4844 1255 4892 p.
1269 4829 1344 4879 98ss.
1369 4840 1395 4879 et
1414 4828 1449 4879 lea
1467 4846 1536 4880 noma

197 4918 329 4984 familiare
348 4917 406 4969 81888
425 4918 462 4968 les
479 4917 600 4968 Romaim
617 4919 715 4969 ibidem
736 4920 804 4970 1871
825 4937 851 4985 p.
866 4920 918 4972 233
926 4935 960 4970 ss.

283 5009 307 5072 ³)
335 5008 386 5060 Die
404 5009 541 5061 8688881888
560 5008 730 5078 3898888888
748 5012 774 5062 ia
793 5009 1023 5080 republs'cam'aolser
1040 5011 1092 5063 aad
1110 5010 1296 5080 889888888οή88
1316 5011 1375 5064 Zeit
1391 5013 1419 5064 iu
1439 5021 1535 5079 quaeat.

207 5103 317 5154 Roman.
332 5104 345 5153 I
364 5119 389 5168 p.
406 5106 461 5155 188.
500 5105 578 5155 Adde
598 5104 712 5155 eiusdem
732 5104 932 5171 disputationem
951 5105 1121 5174 degentibus
1138 5106 1254 5174 patriciis
1272 5121 1338 5173 quae
1355 5106 1470 5173 sequitur
1487 5106 1536 5157 ibi·

208 5195 267 5244 dem
285 5210 311 5260 p.
326 5197 401 5246 7188.
