3458 6292
912 518 1062 578 abanan

1232 626 1652 635 ------,

567 699 729 757 Trebulano
751 699 885 757 Modesto
906 701 1017 759 ibidem
1041 700 1065 759 I.
1081 699 1121 758 N.
1142 698 1228 757 1724.

564 801 595 860 G.
608 801 814 877 arcemanus)
833 802 956 862 Cerialia
972 804 1002 861 in
1018 802 1171 881 signaculo
1183 800 1385 878 Neapolitano
1400 801 1425 859 Ι.
1438 798 1477 859 N.
1491 799 1586 871 6310,
1598 817 1654 871 sau

645 904 688 962 ita
708 904 786 962 euim
809 905 926 964 videtur
948 905 1124 964 solvendum
1147 924 1222 964 esse.

563 1005 714 1065 Trebulae
735 1007 890 1066 Mutuesca
911 1017 941 1066 et
963 1005 1077 1068 Suiena
1099 1005 1279 1068 Sabinorum
1301 1006 1413 1084 oppida
1434 1013 1505 1064 nota
1526 1016 1606 1064 sunt.

318 1104 495 1167 *Tamsnvs
569 1107 709 1167 Graecum
731 1121 765 1178 te,
787 1110 903 1180 Albuci,
925 1130 1011 1186 quam
1032 1112 1191 1169 Romanam
1212 1121 1298 1187 atque
1320 1108 1468 1180 Sabinam,

567 1215 734 1288 municipem
755 1213 849 1284 Ponti,
876 1213 997 1284 Tritani,
1019 1218 1219 1284 centurionum,

560 1315 778 1403 praeclarorum
799 1316 940 1373 limninum
961 1334 997 1375 ac
1014 1320 1174 1392 primaru-m
1195 1318 1419 1392 signiferumque

563 1417 691 1476 maluisti
711 1419 769 1477 clici
799 1416 936 1477 Lucilius
958 1418 1037 1495 apud
1060 1416 1236 1478 Ciceronem
1257 1417 1294 1476 de
1316 1417 1491 1490 fin.1,3,9
1515 1416 1587 1490 (ine.
1604 1415 1655 1473 1x

648 1520 758 1597 Mun).

568 1620 696 1698 Corpore
715 1641 795 1681 aeaco
820 1624 872 1681 sed
891 1627 1001 1681 mimiis
1022 1623 1131 1681 viribus
1157 1624 1303 1681 Tritanum
1323 1627 1353 1680 in
1373 1623 1550 1698 gladiatorio
1573 1621 1654 1690 ludo,

565 1723 737 1784 Samnitium
768 1735 917 1784 annatura
949 1726 1097 1797 celebrem,
1125 1726 1273 1801 filiumque
1306 1729 1365 1784 eiua
1397 1725 1512 1782 militem
1543 1723 1656 1799 liugai

564 1826 693 1903 Pompei,
721 1870 813 1887 .....
841 1837 941 1887 auctor
967 1838 1007 1887 eat
1029 1828 1123 1887 Varro
1149 1831 1178 1886 in
1198 1829 1431 1904 prodigiosarum
1452 1831 1554 1885 oinium
1574 1825 1656 1883 rela-

564 1933 647 2002 tione,
669 1941 753 2007 atque
775 1934 862 1990 etiam
879 1931 983 1990 bostem
997 1930 1033 1988 ab
1049 1950 1079 1990 eo
1095 1951 1128 1989 cc
1138 1935 1343 2007 provocatione
1357 1931 1534 1989 dimicantem
1549 1930 1656 1987 inermi

564 2034 679 2091 deutera
707 2053 762 2092 uno
791 2035 879 2110 dicito
906 2043 1070 2111 superatum
1097 2042 1124 2091 et
1145 2043 1288 2109 postremo
1316 2042 1473 2108 correptum
1499 2035 1531 2089 in
1552 2040 1655 2090 caetra

564 2136 701 2194 tralatum
715 2135 864 2194 Plinius?
888 2135 905 2212 ᾗ
922 2136 957 2194 81
983 2134 1145 2194 secuudum
1160 2136 1317 2194 lectionem
1332 2133 1516 2205 Deilefssni3
1540 2132 1577 2191 cs.
1596 2130 1654 2192 So-

562 2238 643 2296 linus
662 2240 687 2310 l,
705 2237 743 2296 75
766 2237 833 2313 (ubi
852 2238 1018 2297 Tritannum
1039 2258 1079 2296 ex
1093 2239 1177 2297 libris
1191 2238 1312 2315 scriptis
1327 2236 1533 2296 Mommseuus
1549 2235 1654 2305 dedit;

563 2341 644 2416 quod
672 2340 781 2399 ibidem
808 2340 907 2399 editur
932 2352 1039 2400 natura
1060 2341 1214 2400 Samnitem
1240 2339 1455 2400 emendandum
1483 2358 1522 2398 ex
1548 2337 1654 2397 Plinio

564 2442 595 2500 in
616 2453 767 2502 armatura
790 2443 969 2519 Samnitem).

605 2545 700 2605 Recte
726 2546 756 2604 ni
784 2545 873 2604 t'allor
895 2545 1028 2606 Orellius
1055 2555 1204 2605 onomast
1227 2545 1310 2605 Tull.
1337 2564 1366 2622 p.
1388 2544 1448 2605 585
1476 2543 1514 2602 de
1544 2543 1654 2602 eodem

565 2649 684 2708 homine
706 2649 860 2708 rettulisse
881 2650 985 2708 statuit
1007 2657 1066 2708 taru
1082 2648 1230 2707 Lucilium
1254 2667 1342 2725 quarn
1356 2646 1531 2706 Varronem.
1568 2644 1653 2704 Nam

565 2750 647 2827 quod
669 2751 840 2827 Madvigius
868 2770 962 2827 nuper
987 2759 1093 2810 contra
1119 2751 1196 2809 dixit
1220 2752 1252 2809 in
1274 2751 1405 2809 editione
1427 2749 1537 2810 celebri
1558 2747 1654 2807 libro·

565 2873 628 2911 ruru
654 2853 691 2912 de
711 2853 833 2926 finibus,
860 2852 943 2912 illam
966 2861 1093 2912 aetatem
1116 2871 1174 2912 non
1196 2853 1308 2912 vidisse
1329 2853 1525 2931 gladiatorem
1547 2860 1654 2910 centu·

565 2956 692 3029 tionem,
720 2974 779 3014 nou
806 2964 886 3014 recte
912 2966 984 3034 puto
1011 2956 1130 3016 obiecit.
1174 2956 1278 3015 Potuit
1302 2955 1381 3014 enim
1404 2954 1456 3033 qui
1477 2964 1567 3013 autea
1588 2954 1655 3030 gla-

564 3058 661 3117 diator
682 3058 780 3117 fuerat
799 3068 830 3117 et
850 3058 916 3136 ipse
938 3067 1044 3134 postea
1065 3067 1252 3118 sacramento
1275 3057 1355 3117 dicto
1370 3057 1457 3117 miles
1471 3058 1546 3128 fieri,
1570 3056 1657 3115 simi-

564 3160 633 3218 liter
655 3170 689 3219 ut
709 3160 805 3220 filium
819 3160 885 3220 eius
903 3160 1026 3245 militem
1042 3161 1180 3237 Pompeii
1198 3161 1293 3220 fuisse
1308 3160 1523 3238 comperimus;
1545 3158 1658 3217 deinde

565 3280 635 3321 vero
657 3282 694 3322 ne
716 3264 818 3322 dicunt
832 3262 951 3339 quidem
967 3261 1079 3322 Lucilii
1094 3265 1193 3334 verba,
1216 3281 1293 3340 quae
1310 3263 1543 3333 centurionibus,
1566 3279 1657 3340 prae-

512 3410 517 3417 .
565 3365 655 3424 claris
677 3365 857 3437 homiuibus,
880 3366 1069 3442 primoribus,
1093 3365 1244 3442 signiferis
1264 3365 1409 3424 Romanis
1424 3362 1576 3425 Graecum
1600 3383 1657 3442 op·

564 3477 688 3544 ponunt,
711 3468 869 3528 Tritanum
892 3467 1095 3526 centurionem
1116 3467 1217 3540 fuisse,
1239 3477 1273 3526 ut
1293 3466 1420 3527 Pontius
1441 3467 1494 3526 ille
1515 3468 1657 3526 centurio

565 3577 640 3642 erat,
660 3589 749 3646 quem
771 3572 883 3630 diserte
902 3570 932 3628 Τ.
952 3569 1086 3628 Pontium
1108 3573 1297 3631 centurionem
1318 3568 1425 3630 Cicero
1447 3569 1523 3629 dixit
1543 3587 1657 3628 eorun-

565 3672 632 3731 dem
655 3674 721 3731 sine
741 3673 830 3732 dubio
845 3671 954 3731 Lucilii
977 3691 1115 3731 versuum
1137 3689 1250 3731 memor
1264 3673 1296 3731 in
1310 3670 1425 3733 Catone
1442 3671 1491 3744 10,
1507 3671 1556 3731 33.
1596 3670 1657 3731 (le-

566 3785 660 3834 terum
687 3776 807 3835 natione
830 3772 972 3836 Sabinum
999 3774 1094 3834 fuisse
1116 3775 1274 3834 Tritanum
1298 3774 1398 3847 illum,
1426 3773 1567 3833 Pontium
1594 3773 1655 3833 Ro-

566 3897 703 3950 ananum,
730 3879 834 3936 eadem
860 3877 969 3937 Lucilii
998 3878 1089 3937 verba
1118 3887 1220 3953 aperte
1247 3876 1388 3936 indicant.
1431 3875 1551 3936 Nomen
1583 3894 1655 3935 vero

566 3979 687 4040 aliunde
714 3999 772 4039 uon
800 3990 917 4052 notum;
945 3980 1061 4038 terendi
1083 3979 1169 4039 radix
1192 3980 1294 4056 aliqua
1314 3980 1429 4038 ratione
1450 3987 1550 4056 potest
1572 3997 1656 4038 com·

565 4083 665 4158 parari
679 4084 809 4159 itemque
825 4092 928 4142 tratum
939 4080 1052 4142 Oscum
1066 4082 1243 4141 vocabulum
1259 4081 1335 4160 legis
1346 4081 1493 4140 Bautiuae
1509 4082 1549 4158 (v.
1568 4071 1647 4157 15).'

607 4184 698 4243 Trica
725 4192 809 4243 vetus
834 4184 974 4244 Dauniae
1000 4186 1086 4256 urbs,
1114 4203 1204 4261 quam
1230 4186 1289 4243 iam
1318 4183 1464 4243 delevisse
1484 4181 1655 4243 Diomedes

565 4286 738 4346 tradebatur
759 4288 902 4363 cuiusque
924 4306 991 4346 cum
1006 4288 1126 4364 Apinaa
1148 4304 1257 4346 nornen
1277 4285 1308 4345 iu
1331 4286 1480 4361 proverbii
1502 4285 1655 4345 ludicram

566 4409 685 4449 versum
701 4390 744 4447 ait
756 4389 875 4448 Plinius
891 4389 908 4447 3
925 4388 942 4465 ᾗ
957 4391 1015 4448 104
1036 4389 1119 4465 (vide
1132 4389 1311 4449 Mommseni
1326 4388 1395 4448 dial.
1410 4389 1450 4447 It.
1466 4388 1517 4447 ini.
1539 4409 1569 4466 p.
1587 4389 1654 4465 91),

565 4492 687 4551 Tricani
720 4510 827 4550 nomen
859 4491 947 4549 facile
979 4492 1160 4567 explicarem
1194 4492 1247 4552 sed
1274 4493 1372 4551 locum
1402 4492 1491 4550 etiam
1518 4490 1655 4569 aliquem

565 4603 668 4653 extare
691 4593 822 4670 potuisse
843 4592 932 4652 Trita
952 4593 1063 4652 dietum
1085 4594 1153 4670 quis
1176 4593 1348 4672 negaverit?

320 4694 503 4753 Tvu1cnnvs
570 4697 724 4756 Palicanus
747 4694 849 4755 Ovidii
876 4694 1010 4772 aequalis
1036 4704 1065 4754 et
1086 4697 1200 4755 amicus
1227 4695 1280 4772 (ex
1301 4696 1400 4756 Ponto
1423 4696 1452 4768 4,
1474 4693 1523 4771 12,
1544 4693 1654 4768 20ss.;

651 4799 701 4871 143
720 4797 768 4871 12,
784 4797 855 4857 ils.
877 4798 923 4870 16,
938 4797 1003 4875 il),
1025 4800 1076 4875 qui
1095 4799 1295 4893 Phaeacidem
1318 4797 1448 4875 scripsit,
1469 4798 1513 4856 ita
1533 4797 1656 4875 simpli·

648 4901 721 4959 citer
742 4900 853 4959 dicitur
877 4901 985 4978 ubique
1007 4902 1089 4960 nullo
1111 4919 1166 4961 uec
1187 4899 1378 4980 praenomine
1399 4917 1455 4959 nec
1474 4899 1656 4977 cognomine

648 5004 771 5063 adiecto.

568 5105 598 5164 C.
632 5104 787 5166 Tuticanus
820 5106 935 5183 Sopbro
967 5105 1084 5166 Romae
1116 5107 1148 5164 in
1179 5121 1285 5167 musea
1304 5102 1454 5167 muno
1480 5102 1557 5183 gall
1590 5102 1656 5183 lap.

647 5219 762 5284 parent.
778 5208 820 5281 ΙΙ,
842 5208 888 5269 bis
910 5210 941 5268 in
963 5208 1068 5268 eodem
1089 5208 1200 5286 lapide.
1242 5204 1282 5269 Vi
1454 5222 1523 5295 aas.
