3458 6292
264 473 287 543 8
859 492 1000 543 aarum.

263 678 292 724 et
313 654 512 744 Διννομάχ[ω]
534 666 657 736 formae,
680 685 756 743 quae
778 669 874 726 altera
894 669 984 727 etiam
1005 669 1073 747 ipsa
1094 669 1206 727 erroris
1227 668 1341 726 ratione
1357 664 1594 736 commendatum

200 772 208 787 ⁸
263 769 382 831 facilius
404 769 483 827 enim
505 788 544 828 ex
565 787 625 826 uno
648 767 697 845 (o)
720 787 808 846 quam
831 791 871 828 ex
892 763 1012 831 duabus
1030 771 1137 831 litteris
1159 770 1230 846 (or)
1253 769 1330 827 nrale
1352 766 1437 825 lectis
1459 767 1595 824 foliolum

266 871 346 948 quod
368 871 494 930 traditur
516 871 587 928 oriri
608 871 715 949 potuit.
748 866 804 928 dri
828 891 898 930 vero
915 874 1168 951 praepositionem
1184 874 1326 930 intactam
1341 869 1465 944 reliqui3
1486 867 1597 949 legitur

265 972 370 1033 eadem
394 974 427 1033 in
451 973 537 1031 titulo
560 982 690 1032 ceterum
712 974 825 1033 aeolice
845 976 957 1053 scripto
980 973 1014 1034 Ο.
1030 976 1053 1034 1.
1071 974 1167 1032 2172:
1196 968 1253 1031 cirri
1276 972 1445 1054 Kspypeciv.
1466 1004 1505 1014 -
1533 960 1596 1030 Sub

264 1076 355 1135 finem
375 1075 467 1135 verba
489 1065 605 1154 ἀμμέων
621 1108 658 1118 -
675 1066 808 1160 πρύτανιν
829 1078 919 1136 unius
941 1095 1048 1136 versus
1071 1079 1170 1154 spatio
1189 1076 1319 1136 coercita
1333 1074 1462 1132 tortasse
1477 1073 1507 1130 iu
1522 1072 1596 1132 duos

266 1177 477 1257 dispesccnda:
501 1168 612 1246 ἀμμέων
633 1170 685 1234 rriv
709 1180 714 1256 Ι
737 1172 776 1235 δι’
799 1177 899 1240 αἰῶνος
920 1168 1087 1264 redamus

348 1279 398 1339 De
422 1280 510 1340 tertio
531 1279 580 1339 vel
607 1280 683 1338 adeo
709 1288 817 1357 quarto
839 1280 994 1341 Publiciae
1022 1283 1142 1342 nomine
1167 1300 1227 1339 non
1254 1287 1336 1339 certa
1357 1297 1405 1338 res
1428 1287 1483 1339 est.
1527 1277 1598 1338 Non
1693 1304 1697 1309 ·

266 1382 432 1443 dubitarem
448 1374 646 1460 Νεκιομαχῖδα
668 1401 723 1460 pro
738 1402 810 1443 vera
830 1385 949 1456 habere,
971 1385 1059 1443 modo
1081 1385 1187 1444 scirem
1209 1383 1281 1460 quid
1302 1382 1449 1461 proximis
1471 1381 1599 1440 facerem

267 1501 378 1546 aaran.
420 1483 477 1544 Est
504 1484 625 1561 quidem
653 1475 752 1543 Βάτων
780 1475 866 1546 'vetus
891 1506 1014 1560 nomen,
1044 1487 1124 1546 unde
1149 1497 1179 1546 et
1200 1475 1292 1544 Bciror
1318 1492 1348 1542 et
1368 1475 1446 1555 Beira
1474 1485 1600 1561 eogitari

219 1604 222 1609 ·
266 1588 374 1669 possit.
406 1586 487 1647 Fore
504 1587 649 1665 suspicor,
671 1589 723 1664 qui
740 1591 951 1649 Neruolaria
967 1594 1154 1647 ΝΕΙΚΟΛΑΝ
1178 1588 1229 1665 (ef.
1245 1587 1368 1649 Lobeck
1382 1586 1469 1664 proll.
1484 1587 1599 1664 pathol.

268 1688 376 1768 p.130
398 1697 428 1751 et
448 1688 521 1749 Keil
543 1690 621 1749 anal.
645 1690 738 1769 epigr.
760 1711 790 1770 p.
808 1690 882 1768 161)
909 1691 1017 1751 mutari
1039 1692 1150 1764 velint,
1176 1692 1207 1750 in
1229 1690 1353 1767 reliquis
1375 1698 1473 1749 autem
1496 1708 1600 1768 super·

268 1792 394 1852 lativum
415 1791 546 1868 aliquem
567 1793 661 1852 latere
683 1801 836 1866 censeant,
857 1794 940 1854 velut
959 1783 1153 1852 aleavrroiroev.
1186 1794 1293 1853 Matris
1314 1811 1422 1852 nomen
1436 1811 1496 1850 nou
1511 1792 1600 1852 nimis

270 1895 374 1955 audaci
397 1895 583 1954 correctione
603 1886 719 1977 Πρόκλα
739 1895 811 1968 feci3
832 1897 934 1975 possis
956 1897 1045 1955 etiam
1059 1883 1253 1973 ssa0‘[a]a[a]c
1274 1896 1334 1968 vel,
1357 1896 1383 1954 si
1405 1913 1424 1953 κ
1444 1895 1476 1952 in
1498 1914 1516 1954 r
1536 1916 1600 1954 mu·

270 2006 335 2056 tare
355 1996 477 2069 audeas,
497 1987 696 2073 ilao[v]t[a]r.
734 2000 900 2056 Παουλλῒνα
921 1999 952 2057 in
975 1997 1009 2058 C.
1025 1998 1050 2058 1.
1068 1999 1149 2059 6665
1171 2008 1227 2059 est.
1264 1996 1310 2057 cf.
1333 1997 1549 2077 Ditteuberger
1568 1999 1600 2057 in

270 2099 401 2160 Hermae
422 2098 540 2158 v01.V1
560 2100 639 2158 307.

353 2202 477 2262 Praeter
504 2211 640 2289 senatum
671 2204 792 2280 saepius
812 2211 955 2281 prytanea
977 2203 1056 2281 apud
1077 2203 1276 2282 Mytilenaeos
1298 2211 1508 2262 memorantur.
1552 2199 1599 2262 Cf.

271 2304 412 2384 Sapphus
438 2305 475 2364 fr.
495 2303 597 2364 13913.
640 2303 723 2380 Quot
749 2305 874 2379 fuerint,
903 2307 1086 2384 ignoramus.
1130 2305 1286 2366 Publiciae
1312 2327 1366 2385 per
1395 2315 1486 2364 totam
1509 2306 1599 2363 vitam

270 2410 320 2468 hic
340 2409 437 2467 honor
457 2406 607 2481 tribuitur,
630 2406 705 2466 alius
727 2409 795 2484 quis
819 2406 867 2485 (0.
883 2409 909 2468 Ι.
926 2408 1020 2487 2189)
1042 2403 1095 2467 τᾶν
1115 2398 1259 2478 ἐπώνυμον
1281 2403 1341 2465 dard
1363 2397 1511 2474 βασιλέων
1532 2429 1600 2491 πρυ-

270 2504 386 2582 τανηίαν
407 2511 538 2590 gerebat.

354 2611 497 2673 Ceterum
522 2630 561 2671 ex
586 2603 761 2670 Πουπλικιέιν
788 2616 937 2693 scriptura
962 2614 1042 2692 quod
1069 2615 1192 2692 aliquod
1219 2613 1327 2674 aetatis
1353 2614 1433 2673 tituli
1459 2613 1601 2673 indicium

272 2716 380 2776 ducere
407 2733 586 2793 possumus,
612 2713 835 2793 Dittenbergeri
864 2735 957 2795 opera
982 2719 1095 2776 factum
1122 2727 1182 2788 est,
1212 2719 1263 2794 qui
1285 2717 1304 2775 l.
1327 2735 1351 2775 s.
1374 2735 1397 2776 s.
1420 2735 1449 2792 p.
1466 2715 1599 2791 287sqq.

273 2818 312 2877 ad
339 2818 460 2876 tertium
487 2835 584 2894 usque
610 2835 640 2892 p.
664 2815 734 2876 Chr.
763 2836 792 2875 n.
819 2819 970 2878 saeculum
998 2809 1122 2879 Πόπλιος
1148 2837 1257 2878 nomen
1278 2818 1406 2895 indeque
1427 2836 1504 2895 quae
1524 2817 1602 2877 deri·

273 2926 392 2992 vantur,
418 2937 479 2977 non
505 2939 537 2975 ου
560 2917 761 2998 diphthongo,
789 2921 843 2980 sed
870 2921 997 2999 simplici
1025 2946 1037 2978 ο
1062 2921 1160 2980 vocali
1187 2922 1298 2998 scripta
1324 2922 1531 2999 praevaluisse
1552 2920 1600 2980 de·

274 3020 463 3083 monstravit.

275 3333 314 3391 11.
351 3330 450 3390 Priori
472 3331 558 3391 titulo
580 3331 622 3391 ita
643 3332 841 3404 continuatur,
864 3339 897 3389 ut
918 3330 1051 3392 eiusdem
1072 3333 1222 3410 particula
1242 3333 1364 3392 habitus
1387 3350 1453 3395 esse
1468 3332 1603 3391 rideatur

317 3454 372 3494 nec
392 3453 471 3494 novo
493 3435 632 3495 lemmate
654 3434 816 3494 adornatus
839 3434 886 3493 sit.

663 3638 725 3701 Τὰν
747 3645 871 3721 γυναῖκα
892 3645 934 3702 rui
954 3636 1102 3709 Σεβᾶπω
1125 3636 1165 3703 vi·

656 3771 698 3804 rev
720 3737 796 3803 &dcv
818 3740 862 3823 [ci]
884 3737 985 3810 diana
1006 3737 1055 3804 nai
1077 3742 1091 3805 d
1115 3742 1206 3818 διῗμος

665 3838 827 3914 Σεβάσταν
848 3841 1071 3934 γυμνασίαρχον

665 3945 704 4008 δι’
727 3949 826 4011 αἰῶνος
845 3944 965 4009 Ἰουλίαν
985 3944 1174 4038 Ἀγριππῖναν

276 4169 314 4228 V.
327 4166 345 4226 2
361 4165 486 4226 articulo
501 4165 615 4224 inserto
630 4182 705 4243 opus
721 4172 774 4224 est.
786 4197 827 4206 —
846 4162 979 4224 Similem
995 4165 1152 4224 verborum
1168 4166 1300 4225 ordinem
1315 4166 1409 4224 habes
1425 4165 1495 4225 c.1.
1509 4166 1605 4226 5904:

276 4267 325 4344 τήν
347 4262 391 4328 tri
412 4259 493 4347 πάσῃ
516 4265 602 4351 ἀρετῇ
622 4256 800 4351 σωφροῇσῦνῃ
822 4289 852 4323 τε
874 4256 922 4323 nal
944 4260 1034 4345 σοφίᾳ
1057 4259 1276 4352 διαπρέπουισαν
1296 4261 1416 4329 'lautior
1437 4258 1606 4326 Bdsrsiaav

278 4372 373 4449 (quod
395 4392 504 4432 nomen
525 4379 636 4431 temere
657 4370 780 4448 corrigit
794 4368 907 4445 Franz)
929 4361 1025 4440 βουλὴ
1043 4370 1048 4448 Ι
1064 4360 1112 4427 nal
1135 4364 1222 4441 δῆμος
1243 4372 1293 4441 τῆς
1313 4372 1448 4454 λαμπρᾶς
1462 4361 1606 4448 [udisque

279 4476 490 4576 Taupopasvrruiv
511 4463 699 4553 duih-ardino
720 4465 770 4543 τῆν
791 4461 1000 4554 λαμπροτάτην.

361 4576 441 4636 Iulia
462 4575 632 4656 Agrippina
658 4607 696 4617 -
727 4573 771 4632 sio
792 4573 962 4632 nominatur
983 4573 1057 4633 Tac.
1078 4575 1158 4633 Ann.
1177 4575 1272 4634 XIII
1296 4608 1337 4621 -
1359 4594 1437 4635 anno
1459 4586 1531 4654 post
1550 4578 1606 4635 ini-

278 4691 340 4740 tum
369 4698 435 4738 cum
462 4681 643 4756 imperatore
672 4675 798 4736 Claudio
824 4677 1045 4735 matrimonium
1070 4677 1228 4755 Augustae
1255 4697 1360 4738 nomen
1387 4681 1504 4756 accepit
1530 4690 1606 4738 teste

279 4781 386 4842 Tacito
407 4781 487 4841 Anu.
510 4782 576 4840 XII
591 4779 647 4852 26,
675 4787 858 4857 quapropter
880 4799 905 4838 a.
922 4779 961 4838 49
984 4798 1045 4838 nou
1066 4781 1219 4858 antiquior
1240 4792 1287 4840 est
1308 4781 1420 4839 titulus.
1464 4771 1521 4840 Nica
1542 4772 1606 4840 θεά

279 4886 360 4963 quod
381 4885 557 4962 appellatur,
579 4883 648 4941 hinc
669 4881 706 4940 de
726 4881 799 4941 certi
820 4882 973 4941 cuiusdam
995 4883 1126 4941 numinis
1148 4883 1292 4960 religione
1308 4884 1440 4960 cogitare
1454 4893 1605 4956 vetamur;

279 5005 460 5065 quamquam
482 5004 559 5058 cum,
580 4996 613 5044 ut
635 4993 729 5043 mater
750 4984 831 5061 apud
847 4984 1044 5061 Mytilenaeos
1061 4983 1179 5045 Cereris
1201 4987 1321 5044 nomine
1336 4986 1498 5056 colebatur,
1520 4987 1606 5047 itaet

278 5092 346 5167 ipsa
374 5089 437 5148 filia
464 5088 494 5146 in
523 5088 727 5164 compluribus
756 5098 786 5147 et
812 5106 952 5146 romanae
980 5097 1009 5147 et
1036 5097 1178 5147 externae
1206 5088 1330 5164 originis
1358 5089 1487 5147 nummis
1516 5099 1606 5165 capnt

279 5193 370 5269 spicis
390 5192 559 5251 obvelatum
574 5190 684 5249 haheat
706 5188 890 5266 (cf.Eckhe1
906 5189 950 5249 Vl
967 5190 1036 5250 257.
1054 5188 1141 5268 259),
1161 5190 1239 5249 haud
1255 5191 1400 5249 absonum
1415 5198 1494 5249 osset
1508 5191 1606 5268 suspi-
