3458 6292
892 571 1043 633 norrun

546 754 706 813 diversum.
744 751 889 812 Similiter
911 755 999 812 etiam
1022 758 1045 812 it
1066 754 1208 812 suffixum
1232 771 1290 812 nou
1313 754 1401 830 plane
1423 752 1508 811 deest
1526 753 1555 809 in
1572 752 1634 809 Ita·

545 858 629 928 licis,
659 866 693 915 ut
720 857 828 914 docent
856 857 1033 914 Amiternum
1064 856 1192 914 Uritinue
1217 855 1327 914 Lanita
1355 855 1470 934 (pagus
1492 855 1635 914 Nolanus

546 959 571 1017 1.
592 958 631 1017 N.
657 959 734 1018 1983
759 984 795 1009 =
819 958 944 1017 Henzen
965 957 1077 1033 5165),
1112 966 1142 1017 et
1168 977 1206 1016 ex
1228 956 1346 1018 Graeco
1371 976 1429 1017 usu
1460 957 1633 1017 derivandis

545 1061 597 1136 (ut
623 1061 838 1138 Anconitanus)
869 1062 899 1119 in
932 1061 1020 1119 ltalia
1051 1069 1080 1117 et
1107 1061 1139 1118 in
1170 1060 1295 1137 reliquis
1326 1061 1504 1138 provinciis,
1537 1061 1634 1119 veluti

544 1164 575 1221 in
604 1162 757 1222 Dalmatia
789 1164 951 1222 Neditanus
980 1162 1206 1222 Praevaliteaus
1233 1164 1413 1221 Risinitonua
1441 1162 1634 1222 Salonitonue

546 1263 793 1336 Scardonitanum
809 1265 1042 1343 comparandum
1057 1275 1214 1341 praeterea
1227 1265 1417 1323 'Teauitanua
1432 1283 1540 1323 nomen
1553 1264 1635 1322 iufra

543 1367 768 1427 recensendum.
807 1367 907 1426 Radix
930 1367 1058 1426 nominis
1081 1367 1162 1443 quod
1183 1377 1230 1425 est
1250 1366 1425 1442 Calpetanua
1444 1376 1526 1425 extat
1545 1386 1634 1444 prae·

545 1478 642 1542 terea,
670 1471 723 1529 sed
749 1489 817 1529 raro
845 1478 974 1541 tantum,
1002 1470 1116 1528 scilicet
1141 1471 1172 1527 in
1203 1470 1305 1546 Colpio
1332 1469 1455 1547 (Gelpia
1484 1469 1635 1540 Quartilla

545 1571 659 1632 Romae
681 1593 707 1631 a.
724 1572 763 1632 68
785 1573 810 1631 Ι.
827 1571 867 1631 Ν.
883 1571 978 1647 6855)
1002 1582 1031 1630 et
1056 1569 1231 1647 Calpurni03
1259 1572 1361 1648 itaque
1384 1572 1473 1630 etiam
1492 1569 1634 1647 Calpeta-

546 1693 602 1733 nus
625 1675 747 1752 originis
770 1693 837 1734 esse
859 1675 984 1733 Italicae
1006 1674 1119 1733 rectius
1141 1673 1296 1751 putabitur
1310 1693 1329 1732 a
1345 1675 1446 1752 Calpet
1467 1674 1513 1750 (ut
1526 1673 1635 1750 Nepet)

545 1777 593 1836 vel
613 1775 734 1853 Calpeto
756 1776 804 1852 (ut
828 1776 941 1853 Caieta)
963 1776 1097 1835 fortasse
1118 1775 1320 1835 derivandum.

302 1878 472 1938 crunnus
547 1878 687 1939 Cardena
707 1879 744 1936 P.
766 1881 794 1954 s.
817 1879 945 1938 Procula
969 1878 998 1936 in
1026 1878 1139 1937 Piceno
1162 1876 1256 1938 Orell.
1278 1878 1317 1938 85
1340 1904 1376 1929 =
1399 1878 1524 1938 Henzeu
1540 1878 1634 1951 7127,

631 2000 708 2040 uxor
730 1983 855 2040 octoviri
877 1981 974 2040 Firmi
996 1990 1026 2039 et
1047 1980 1216 2039 Falerione.

302 2081 473 2142 Caurauvs
547 2083 602 2142 M.
616 2084 760 2159 Consanus
784 2083 870 2160 urs.
894 2081 1081 2159 santerna)
1103 2082 1224 2143 decurio

550 2184 698 2261 Carsania
725 2186 792 2262 (aut
813 2185 895 2261 dur)
918 2184 1045 2244 Achilles
1069 2182 1186 2244 Sontini
1208 2184 1333 2244 Henzen
1353 2185 1458 2244 60425
1480 2185 1529 2263 (2,
1545 2185 1576 2261 s)
1603 2187 1634 2244 in

629 2288 773 2347 laterculo
796 2287 943 2346 cultorum
966 2286 1014 2344 dei
1034 2287 1172 2346 Mithrae.

550 2388 675 2465 Carsani
695 2392 810 2449 Reetute
832 2388 868 2465 [i.
884 2409 910 2447 e.
933 2389 1082 2465 Restituit]
1113 2389 1212 2466 vigilis
1239 2408 1345 2448 nomeu
1374 2391 1404 2447 in
1431 2390 1496 2449 basi
1518 2390 1637 2448 urbana

629 2511 656 2551 a.
674 2491 733 2552 205
755 2491 902 2551 Marinius
925 2491 1008 2567 (iser.
1025 2490 1093 2550 Alb.
1116 2509 1146 2567 p.
1163 2490 1233 2563 204,
1252 2495 1279 2563 1,
1297 2491 1370 2568 144)
1393 2500 1423 2549 et
1443 2491 1635 2551 Kellerman·

629 2613 685 2654 nus
707 2592 792 2670 (vig.
814 2592 847 2666 2,
865 2594 898 2664 4,
914 2593 969 2668 54)
990 2594 1142 2670 legerunt,
1166 2594 1296 2670 Carpant
1317 2593 1492 2653 Fabrettius
1515 2613 1544 2670 p.
1562 2594 1636 2666 613,

633 2695 766 2770 Carsami
795 2695 957 2754 Hennenus
985 2706 1015 2753 et
1042 2694 1231 2755 Bormannus
1260 2694 1294 2755 C.
1316 2696 1341 2754 Ι.
1361 2696 1398 2755 1..
1419 2696 1464 2755 VI
1487 2697 1582 2769 1056,
1597 2715 1635 2755 aa.

629 2799 708 2857 Puto
730 2797 822 2857 luisse
845 2796 1008 2856 Carlanum
1031 2798 1080 2856 vel
1102 2796 1284 2857 Carfauium.

551 2900 671 2977 Cursum
699 2902 763 2960 sive
790 2899 908 2976 Cursum
935 2899 1039 2977 oppidi
1066 2919 1175 2958 nomen
1200 2899 1292 2960 luisse
1318 2901 1533 2959 Mommseuius
1559 2901 1635 2959 olim

549 3005 718 3079 suspicatus
740 3014 786 3062 est
807 3002 844 3061 de
865 3001 936 3061 dial.
960 3002 997 3061 It.
1020 3001 1072 3061 inl.
1095 3023 1124 3080 p.
1141 3001 1210 3061 243.

304 3106 464 3166 Gauianus
547 3104 586 3165 L.
610 3105 752 3164 Curianus
769 3105 807 3164 0.
831 3105 865 3180 (i.
881 3125 907 3164 e.
929 3104 1071 3181 mulieris)
1094 3102 1239 3181 interrae)
1263 3103 1387 3164 Sevemr

544 3207 586 3266 L.
612 3208 755 3267 Curianus
773 3206 809 3266 0.
837 3208 856 3265 l.
879 3206 1011 3265 Zosimus
1036 3206 1152 3265 Romae
1172 3206 1204 3265 in
1225 3207 1327 3283 lapide
1351 3207 1445 3267 musei
1467 3205 1636 3284 Capitolini

633 3309 755 3370 Guasoo
777 3329 806 3368 n.
823 3308 893 3381 633,
915 3327 1004 3385 quem
1026 3309 1115 3367 etiam
1137 3309 1300 3368 Hennenua
1322 3309 1488 3387 descripsit.

549 3411 587 3472 L.
609 3411 752 3471 Curianus
773 3411 890 3471 Cosmus
912 3410 1026 3470 Romae
1048 3411 1207 3471 Reinesius
1224 3411 1294 3482 736,
1311 3409 1350 3470 52
1373 3432 1411 3471 ex
1432 3412 1562 3471 Pieearti
1586 3431 1637 3470 eo-

633 3514 708 3573 dice.

304 3616 501 3699 Casurusuvs
550 3617 593 3675 Μ.
621 3615 796 3694 Carpitanae
819 3617 862 3675 Μ.
878 3620 906 3693 f.
929 3616 1090 3675 Marcellus
1111 3615 1257 3675 Luceriae
1278 3616 1304 3675 Ι.
1320 3613 1359 3674 N.
1377 3616 1447 3676 974.

549 3716 760 3797 comparanda
791 3716 954 3794 Caspi-erio
981 3716 1161 3780 Sabinorum
1187 3720 1345 3797 oppidum,
1374 3720 1459 3778 euius
1481 3717 1638 3795 Vergilius

549 3822 682 3880 meminit
702 3824 779 3881 Aen.
794 3821 811 3880 I
827 3822 902 3893 7143
923 3829 1079 3898 praeterea
1099 3821 1211 3882 similia
1231 3841 1291 3880 non
1313 3821 1439 3897 reperio.

305 3924 487 3985 Cancauvs
552 3924 587 3995 Q.
608 3924 741 3984 Uaticani
761 3923 845 3982 Bitli
864 3920 906 3981 ‘iu
927 3925 1016 4003 cippo
1037 3944 1076 3982 ex
1097 3923 1258 3984 Tiburtino
1279 3923 1379 4002 lapide
1400 3923 1481 4001 apud
1502 3921 1639 3982 Nomen·

633 4021 708 4084 tum'
730 4025 865 4084 Fabretti
882 4024 953 4100 613,
971 4027 1040 4084 111.

549 4128 634 4188 Nihil
657 4128 781 4204 impedit
801 4129 962 4205 quominus
981 4127 1136 4188 Uaticanus
1158 4129 1375 4188 nominativum
1395 4147 1464 4188 esse
1478 4147 1640 4207 ponamus,

550 4251 611 4290 non
634 4231 809 4302 caueantur,
831 4243 865 4289 ut
884 4230 1055 4290 Fabrettius
1077 4231 1154 4290 feeit.

306 4333 529 4394 Canuuurnuvs
552 4333 588 4393 P.
614 4331 793 4392 Cet-allieurs
815 4332 851 4391 P.
880 4334 899 4390 l.
922 4332 1093 4410 Aryucn'tus
1118 4332 1295 4410 Augustalis
1316 4332 1411 4394 Uriae
1436 4335 1468 4392 in
1494 4332 1640 4393 Calabria

632 4436 657 4494 I.
673 4435 712 4498 N.
730 4435 800 4507 571,
823 4434 873 4494 ubi
895 4435 985 4494 etiam
1007 4443 1092 4512 pater
1114 4436 1179 4494 eius
1201 4435 1388 4512 cognominis
1410 4444 1602 4495 memoratur.

549 4538 681 4598 Phoebus
708 4537 881 4597 Corellianee
902 4537 1020 4597 Procles
1043 4556 1139 4597 amoos
1161 4537 1316 4597 Brundisii
1339 4537 1363 4596 1.
1379 4535 1418 4597 N.
1435 4536 1506 4597 524.

551 4641 633 4700 Inter
646 4641 833 4701 Bruttiorum
855 4639 967 4718 oppida
982 4637 1092 4699 Strabo
1108 4640 1137 4712 6,
1155 4642 1182 4712 1,
1198 4640 1217 4697 4
1240 4639 1375 4699 nominat
1388 4630 1545 4722 Κηρίλλους
1556 4646 1640 4709 -πλη-

551 4736 610 4801 σῖον
624 4733 718 4816 Δάου,
742 4743 821 4822 apud
837 4740 944 4802 Silium
959 4743 988 4816 8,
1004 4740 1064 4801 580
1094 4742 1225 4814 Cerillae,
1247 4741 1278 4799 in
1298 4742 1402 4801 tabula
1415 4740 1640 4817 Peutiugeraaa

554 4844 647 4905 Coreli
673 4847 825 4917 dicuntur,
852 4845 942 4904 hodia
967 4841 1077 4904 Girella
1102 4846 1224 4904 vetolio.
1268 4842 1356 4903 Unde
1381 4843 1441 4903 iam
1467 4862 1487 4902 a
1510 4842 1640 4902 Momm·

551 4967 624 5007 seno
652 4947 688 5005 de
715 4949 785 5007 dial.
811 4948 849 5006 It.
872 4947 924 5005 int‘.
951 4966 980 5023 p.
997 4945 1036 5005 72
1064 4946 1302 5007 Corellianorum
1327 4964 1436 5007 nomeu
1462 4944 1501 5005 ad
1520 4943 1640 5005 Messa·

550 5050 647 5127 pieam
677 5052 822 5129 originem
849 5049 990 5120 refertum
1019 5068 1039 5107 a
1065 5049 1280 5110 Caerelliorum
1309 5055 1382 5109 noa
1405 5054 1496 5127 geute
1520 5046 1641 5107 ridetur

434 5158 442 5170 ⁴
551 5152 704 5211 diversum
727 5171 804 5212 assa.

595 5251 642 5313 Cf.
665 5254 745 5313 infra
766 5254 949 5314 Gerelloaue.
