3458 6292
200 505 318 554 ars-sir
667 502 859 550 l’axs'orttn
880 500 1068 549 isernien.
1461 483 1531 550 357

200 695 312 748 sorum,
339 675 368 732 id
392 685 438 733 est
459 674 549 733 nulla.
594 674 677 731 Idem
701 673 894 751 pervenitad
917 674 1212 750 diplomataomnia,
1246 683 1276 730 ut
1299 675 1444 750 quidquid
1467 698 1534 753 pro·

200 779 276 837 ferat
302 798 358 854 pro
387 777 603 847 emendatione,
637 777 778 835 collatum
806 796 872 834 curn
907 778 1078 854 archetypis
1106 776 1215 834 salsum
1244 795 1309 834 esse
1337 781 1533 854 reppererim3

200 881 259 941 uisi
292 880 371 957 quod
405 880 495 939 etiam
528 880 624 956 magis
656 897 779 955 pessum
813 879 894 936 dedit
924 879 1133 937 difficillimum
1162 879 1372 938 documentum
1399 882 1534 940 nXLlI

200 1003 229 1060 p.
246 981 316 1042 884.
360 982 395 1040 Id
418 1000 473 1060 ego
495 1000 561 1040 curn
585 983 705 1057 saepius
729 981 934 1053 examinarim,
966 991 1000 1040 ut
1021 992 1114 1040 totum
1138 979 1350 1058 intellegerem,
1379 985 1450 1041 mihi
1473 1005 1533 1043 non

200 1086 359 1156 successit3
392 1085 450 1143 boe
478 1084 623 1157 intellexi,
656 1103 733 1160 quae
765 1085 805 1141 ibi
839 1085 950 1162 legisse
983 1102 1017 1144 se
1050 1084 1173 1142 simulat
1195 1083 1404 1159 Desjardinius
1437 1086 1533 1162 (notre

201 1199 361 1266 cstumpupe
381 1186 514 1262 denual),
543 1206 579 1245 ea
600 1187 630 1244 in
651 1188 722 1269 ipso
744 1205 812 1245 aere
834 1206 894 1244 non
917 1188 1008 1245 cerni.
1054 1184 1113 1247 Sed
1135 1187 1172 1244 de
1194 1187 1250 1244 hoc
1271 1187 1433 1262 diplomate
1454 1189 1534 1248 infra

201 1292 298 1352 denuo
325 1290 432 1348 dicam.

240 1393 506 1471 Interpretationes
521 1391 770 1467 Desjardiniaoas
786 1392 962 1468 plerumque
984 1392 1103 1451 silentio
1125 1392 1288 1463 transmisi,
1311 1412 1376 1451 cum
1397 1394 1456 1453 sint
1471 1396 1532 1454 lere

201 1509 253 1557 aut
274 1496 414 1573 vulgares
436 1507 487 1554 aut
508 1495 613 1554 salsae.
659 1494 738 1555 Sane
760 1512 827 1552 curn
849 1495 979 1567 homine,
1002 1496 1053 1571 qui
1075 1495 1299 1572 inscriptionem
1313 1497 1532 1556 Bovianeusem

200 1619 239 1659 ex
261 1617 386 1676 corpore
407 1599 632 1675 inscriptionum
648 1596 916 1675 Neapolitanorum
939 1617 967 1654 n.
987 1597 1066 1656 4985
1087 1609 1224 1675 repetens
1246 1598 1288 1675 (p.
1308 1599 1380 1676 126)
1404 1618 1532 1678 appara·

200 1711 263 1762 tum
290 1719 389 1759 meum
417 1701 507 1758 solito
535 1720 616 1760 more
645 1718 731 1759 suum
758 1701 872 1759 faciens
901 1704 944 1758 sic
972 1719 1038 1757 eum
1067 1701 1212 1777 eorrupit:
1247 1702 1300 1760 elle
1327 1723 1346 1760 a
1367 1704 1409 1761 e'te'
1434 1723 1532 1762 encore

196 1805 309 1882 publide
331 1823 403 1880 par:
441 1804 508 1863 coa
535 1801 735 1878 Wuelscupple
754 1805 782 1876 s.
808 1803 862 1872 743
890 1812 915 1859 et
945 1800 1067 1860 Galanti
1088 1805 1113 1874 1,
1134 1803 1183 1873 29,
1211 1814 1241 1862 et
1267 1823 1305 1863 ne
1334 1805 1389 1863 boc
1411 1806 1531 1882 quidem

200 1907 347 1986 intellegit
368 1905 464 1963 tribus
486 1905 594 1963 litteris
617 1922 675 1963 non
699 1923 878 1981 praenomen
905 1905 1036 1964 hominis
1059 1904 1194 1974 indicari,
1222 1906 1274 1965 sed
1300 1907 1432 1967 codicem
1455 1909 1531 1984 peri·

200 2013 239 2069 tis
266 2009 355 2068 hodie
381 2019 547 2084 pernotum,
569 2008 600 2064 in
622 2009 711 2065 rebus
735 2007 935 2082 epigraphicis
959 2027 1017 2066 non
1041 2017 1101 2064 tarn
1125 2025 1228 2066 severe
1251 2011 1397 2087 agendum
1420 2025 1475 2083 est,
1499 2022 1531 2069 ut

199 2111 272 2189 quid
294 2118 449 2188 praeterea
471 2110 566 2168 adhuc
582 2128 640 2167 non
663 2109 809 2180 didicerit,
832 2110 1036 2185 expendamus
1059 2120 1088 2167 et
1110 2129 1307 2186 exponamus.
1352 2113 1480 2171 Meliora
1501 2124 1531 2172 et

199 2215 342 2287 doctiora,
364 2232 439 2290 quae
462 2232 481 2269 a
502 2213 631 2270 Reniero
654 2212 789 2287 arripuit,
812 2216 875 2270 suis
896 2213 971 2271 locis
993 2213 1202 2271 indicavimus.

596 2395 852 2457 Acvnmcvn
875 2398 918 2476 (p.
935 2398 1004 2457 rao.
1031 2400 1133 2474 ron).

200 2556 268 2618 575
290 2558 328 2617 ad
351 2555 487 2616 natta
531 2555 708 2631 Desjardius
733 2555 781 2615 29.
826 2555 927 2614 Titulo
955 2557 1053 2615 denuo
1080 2557 1251 2615 examinato
1280 2558 1351 2616 mibi
1375 2560 1531 2618 constabat

240 2679 307 2719 esse
323 2662 353 2718 iu
367 2661 426 2717 fine
441 2675 575 2717 ovanter
589 2690 595 2703 ·
609 2673 677 2733 xup
694 2660 707 2735 ll
725 2673 801 2735 osse
823 2659 978 2717 elementis
995 2659 1112 2717 duobus
1136 2675 1158 2718 0
1174 2667 1233 2718 ets
1249 2663 1407 2737 expunctis
1414 2684 1422 2735 ;
1446 2662 1527 2720 dedit

239 2763 330 2842 igitur
351 2762 561 2839 quadratarius
585 2779 599 2819 r
616 2778 677 2819 ·xn
696 2760 699 2841 l
718 2777 740 2820 0
757 2777 798 2820 ss.
843 2761 881 2819 V.
897 2772 974 2820 extr.
991 2771 1059 2820 ante
1076 2777 1098 2820 0
1114 2772 1229 2838 etpost
1244 2779 1259 2820 a
1275 2782 1407 2822 marmor
1423 2776 1517 2825 vacat.

199 2973 270 3034 576
293 2974 329 3032 ad
353 2992 381 3031 n.
399 2973 489 3033 3255.
533 2973 713 3048 Desjardins
729 2993 758 3030 n.
775 2974 810 3032 91
831 2973 879 3031 bic
893 2973 1113 3049 deprehendere
1135 2974 1192 3032 sibi
1208 2974 1292 3033 visus
1315 2982 1360 3034 est
1381 2977 1528 3039 coloniam

240 3077 342 3136 nescio
369 3095 458 3152 quarn
484 3072 618 3135 ‘Petram
650 3075 688 3132 ad
720 3070 896 3152 planitiem‘,
928 3084 1096 3135 monstrum
1126 3076 1174 3134 vel
1202 3096 1220 3135 a
1248 3078 1396 3138 sermonis
1426 3080 1528 3139 Latini

240 3179 455 3238 consuetudine
478 3179 652 3237 abhorrens.
697 3173 826 3238 Omnino
843 3197 944 3236 verum
960 3179 1102 3254 estquod
1117 3179 1184 3236 dedi
1200 3198 1255 3258 ego
1277 3196 1370 3238 aaran
1385 3181 1447 3256 (vel
1469 3183 1529 3242 for-

238 3313 318 3359 tasse
339 3299 383 3375 ru)
406 3315 489 3357 nevo.
533 3299 607 3375 Ipsa
635 3301 801 3375 scripturae
831 3299 971 3370 artificia,
999 3309 1031 3355 ut
1059 3298 1223 3358 efficiantur
1251 3301 1368 3360 litterae
1388 3265 1463 3359 bara
1484 3270 1527 3359 hb

238 3385 368 3480 riservo
389 3421 565 3498 praesertim
588 3421 616 3478 in
641 3419 741 3496 lapide
761 3420 798 3476 ab
819 3419 964 3477 eiusmodi
990 3421 1263 3494 contignationibus
1285 3423 1416 3480 insolitis
1439 3423 1526 3498 plane

240 3525 337 3583 alieno
360 3523 520 3582 ostendunt
543 3523 616 3581 hacc
639 3522 756 3580 somnia
778 3538 844 3578 esse
866 3522 996 3579 hominis
1020 3523 1050 3579 in
1074 3523 1203 3582 tenebris
1227 3525 1428 3584 caecutientis.

547 3829 889 3890 TEVTOBVRGIVM
912 3830 956 3907 (p.
973 3830 1042 3889 423.
1070 3831 1173 3906 1041).

198 3988 269 4051 577
292 3991 331 4049 ad
351 4012 380 4050 n.
398 3990 487 4050 6450.
532 3989 588 4050 hit
610 3989 770 4065 descripsit
792 3989 847 4047 sie:

814 4143 834 4184 1>
853 4142 908 4185 EO

775 4246 947 4289 sehero

775 4348 945 4391 uenerat

775 4451 947 4493 Τ·Ρ1.·ΜΟ“

718 4559 730 4596 b
773 4554 945 4596 ANV5·RAE

772 4656 944 4699 cohlttts

774 4760 841 4799 ΡΑΝ
871 4758 959 4815 EQQ

772 4861 854 4902 'l'RlB
871 4860 944 4902 COH

774 4964 795 5004 lr
818 4965 845 5003 ΑΙ
872 4962 945 5005 DAC

705 5069 730 5108 to
772 5065 961 5120 ammae&

773 5166 944 5210 v·s·L·ttt
