3458 6292
422 542 473 593 so.
494 543 542 591 nu
561 541 742 592 NVNDINIS
761 541 900 593 saurus
918 541 1138 592 suevuxsm.
1371 519 1443 590 283

157 723 188 774 et
214 716 391 791 [sabbatario
414 718 568 792 adfuerunt
593 718 712 793 repperi
737 716 851 774 litteras
879 716 1004 775 delicere
1027 736 1052 775 e.
1078 715 1131 789 12,
1158 715 1267 791 quibus
1294 715 1447 773 commode

155 820 304 877 inseretur
326 819 391 878 dies
413 819 482 877 idib.
508 819 620 878 Octobr.
643 821 692 878 vel
714 819 764 895 qui
787 819 864 877 alius
886 820 952 877 fuit.

114 921 165 979 Ad
186 941 214 979 v.
231 921 259 979 8.
304 920 366 979 Vix
392 922 551 998 quicquam
578 935 625 981 est
651 922 684 980 in
710 923 767 980 hoc
790 921 967 979 documento
990 922 1085 998 magis
1107 920 1261 979 insolitum
1285 928 1314 979 et
1335 936 1445 977 novum

156 1042 245 1100 quam
268 1030 460 1100 quaestorum
481 1025 602 1083 nomina
623 1024 662 1082 ad
683 1042 750 1096 eos,
777 1024 828 1100 qui
855 1032 978 1082 senatus
1000 1023 1136 1081 consulto
1157 1022 1371 1100 perscribendo
1394 1021 1447 1078 ad-

156 1126 305 1197 hibentur,
328 1126 479 1201 adscripta
498 1127 565 1185 loco
588 1134 733 1184 extremo.
775 1125 905 1185 Diversa
926 1145 964 1184 ex
986 1143 1078 1183 causa
1100 1135 1274 1202 quaestores
1297 1124 1445 1182 adhibitos

157 1245 224 1285 esse
250 1239 339 1304 atque
361 1229 466 1286 solitos
495 1238 614 1287 senatus
643 1228 846 1287 consultorum
872 1237 965 1286 testes
986 1228 1098 1286 iudicat
1120 1236 1179 1285 tarn
1202 1228 1372 1303 quaestoris
1395 1244 1447 1301 ap·

156 1330 279 1406 pellatio
300 1330 418 1406 utrique
441 1330 556 1403 addita,
579 1350 646 1389 cum
669 1339 760 1390 testes
783 1331 861 1389 nude
882 1330 1121 1407 perscribantur,
1144 1348 1232 1406 quam
1256 1329 1335 1405 quod
1357 1347 1447 1404 quae-

156 1438 222 1490 stor
241 1451 279 1490 ne
302 1443 422 1491 senator
443 1433 563 1509 quidem
586 1443 640 1506 est,
668 1453 735 1492 cum
757 1433 921 1508 quaestorii
943 1433 1061 1490 demum
1084 1433 1273 1491 senatoribus
1295 1431 1446 1490 accedant.

155 1532 292 1593 Pertinet
317 1535 387 1607 huc,
416 1534 446 1592 ui
468 1535 574 1606 fallor,
602 1535 683 1611 quod
704 1535 809 1594 scribit
829 1535 890 1594 Dio
907 1536 960 1608 54,
977 1536 1015 1593 36
1037 1536 1223 1612 Augustum,
1251 1553 1317 1592 cum
1340 1533 1446 1592 aerarii

155 1653 255 1694 curam
278 1654 296 1695 a
318 1637 527 1712 quaestoribus
549 1639 671 1696 urbanis
694 1638 732 1697 ad
754 1639 831 1696 alios
849 1637 1043 1715 magistratus
1058 1638 1118 1695 iam
1134 1647 1223 1696 antea
1236 1636 1447 1707 transtulisset,

156 1757 183 1796 a.
206 1759 235 1797 u.
257 1757 282 1796 c.
304 1739 363 1798 743
394 1739 514 1797 sublata
542 1741 683 1799 aedilium
710 1741 958 1816 tribunorumque
986 1740 1022 1798 de
1050 1740 1107 1798 hac
1134 1760 1167 1799 re
1195 1747 1343 1817 potestate
1372 1738 1446 1796 solis

155 1840 367 1916 quaestoribus
395 1852 516 1900 senatus
542 1843 744 1901 consultorum
767 1861 868 1901 curam
891 1842 1078 1920 permisisse:
1106 1843 1164 1903 τοῖς
1184 1832 1297 1908 ταμίαις
1317 1835 1354 1896 τοὶ
1378 1833 1448 1917 δόγ-

154 1963 233 2009 ματα
258 1937 297 1999 roi
324 1933 462 2000 ἓκᾶοτοτε
488 1935 644 2021 ’γιγνέμενα
670 1938 718 2001 brai
745 1946 881 2020 φυλακῆς
906 1940 1055 2001 ποιεῖσθαι
1078 1933 1249 2014 ἐκελεύσθη.
1292 1942 1336 2001 Ut
1356 1942 1448 2019 igitur

157 2062 217 2120 quo
243 2052 377 2120 tempore
404 2056 579 2121 quaestores
604 2047 744 2123 pecunias
766 2046 901 2124 publicas
923 2054 1052 2105 tractare
1074 2046 1239 2118 desierunt,
1266 2065 1345 2112 eam,
1368 2064 1445 2120 quae

154 2144 185 2202 in
208 2156 331 2206 senatus
353 2148 499 2207 consultis
520 2149 717 2207 adservandis
740 2149 878 2221 vertitur,
906 2136 1013 2207 aerarii
1041 2149 1327 2207 administrationem
1350 2147 1444 2204 nihilo

154 2249 253 2308 minus
275 2249 470 2320 retinuerunt,
492 2250 534 2308 ita
555 2260 786 2309 consentaneum
809 2260 855 2310 est
876 2253 913 2310 ab
936 2272 962 2311 a.
978 2251 1047 2310 inde
1062 2252 1121 2309 743
1145 2252 1201 2309 hoc
1219 2268 1338 2327 quoque
1352 2249 1446 2307 intro·

155 2349 275 2409 ductum
297 2369 379 2424 esse,
404 2363 439 2411 ut
466 2352 633 2411 deferendis
655 2355 693 2412 ad
715 2355 798 2430 ipsos
825 2361 948 2412 senatus
975 2353 1119 2411 consultis
1146 2353 1234 2412 etiam
1257 2352 1446 2429 perscriben-

155 2451 201 2511 dis
232 2452 372 2513 adessent
397 2455 576 2530 nominaque
603 2475 705 2514 eorum
727 2465 797 2533 post
818 2466 909 2515 testes
931 2457 1094 2515 sollemnes
1116 2455 1363 2514 adscriberentur.
1407 2454 1444 2511 Ei

155 2555 212 2613 soli
235 2557 354 2632 negotio
376 2567 474 2616 aetate
495 2559 689 2634 imperatoria
711 2566 888 2634 quaestores
909 2558 1014 2616 urbani
1036 2558 1173 2617 ridentur
1196 2558 1360 2616 vacavisse.

112 2656 161 2713 Ad
184 2675 212 2715 v.
230 2657 257 2714 8.
275 2658 301 2715 9.
321 2660 368 2717 10.
406 2657 482 2717 Cum
497 2660 708 2719 vetustioribus
736 2669 856 2720 senatus
880 2660 1023 2719 consultis
1040 2660 1189 2719 subscribi
1205 2659 1302 2718 soleat
1317 2660 1445 2717 vocabu-

156 2759 218 2817 lum
240 2778 380 2832 censuere,
404 2762 505 2820 addito
528 2772 625 2821 aetate
646 2763 839 2839 imperatoria
859 2763 945 2838 (puto
967 2783 1004 2821 ex
1025 2763 1237 2821 constitutione
1253 2762 1289 2819 ab
1304 2763 1443 2838 Augusto

129 2879 179 2940 .³·
196 2880 225 2919 u.
240 2880 265 2919 c.
284 2862 343 2920 745
366 2864 441 2933 lata,
470 2863 506 2921 de
533 2883 592 2940 qua
619 2866 760 2942 exposuit
787 2865 848 2923 Dio
870 2865 958 2936 53,3
982 2865 1019 2923 cf.
1044 2865 1099 2937 54,
1116 2864 1175 2938 35)
1199 2875 1370 2922 senatorum
1393 2864 1443 2938 qui

154 2964 333 3022 sententiam
360 2965 397 3022 de
425 2984 461 3023 ea
487 2986 520 3024 re
545 2967 685 3026 tulissent
712 2985 849 3038 numero,
876 2967 925 3024 hic
947 2958 980 3023 ut
1000 2985 1140 3025 numerus
1162 2966 1232 3024 item
1255 2966 1441 3036 adscribitur,

153 3065 195 3124 ita
223 3084 279 3142 pro
307 3067 387 3124 nudo
418 3069 557 3126 censendi
585 3070 730 3128 vocabulo
757 3069 885 3128 formula
916 3069 1039 3128 inducta
1068 3079 1113 3128 est
1143 3069 1270 3126 sormam
1302 3068 1442 3127 censendi

154 3167 320 3226 accuratius
342 3169 496 3229 declarans
518 3170 662 3247 s(enotuc)
685 3171 870 3246 c(onsaltam)
889 3191 944 3247 per
965 3173 1163 3230 discessionem
1178 3172 1300 3244 sactum.
1342 3170 1378 3227 ld
1400 3170 1441 3228 si-

152 3269 262 3328 militer
283 3279 315 3328 ut
336 3271 367 3329 in
388 3276 418 3329 iu
434 3284 554 3331 senatus
569 3275 706 3332 consulto
722 3275 933 3351 perscribenda
949 3275 1161 3346 enuntiaretur,
1184 3281 1255 3349 post
1269 3275 1440 3351 Augustum

152 3373 346 3431 constitutum
370 3375 410 3432 sit
431 3393 553 3435 necesse
575 3385 628 3434 est.
672 3376 808 3452 Utraque
831 3387 929 3434 autem
952 3376 1105 3434 adnotatio
1127 3376 1273 3450 reperitur
1295 3376 1442 3433 translata

153 3492 191 3530 ex
212 3473 279 3533 loco
302 3483 435 3534 extremo
458 3479 488 3534 iu
511 3479 607 3554 ipsum
630 3488 751 3536 senatus
774 3480 901 3537 consulti
925 3479 1113 3554 principium,

111 3575 162 3632 Ad
184 3596 212 3633 r.
230 3574 278 3634 25.
322 3575 422 3636 Verba
444 3590 536 3637 actam
559 3580 652 3636 idibus
673 3579 785 3638 Octobr.
807 3581 844 3637 P.
861 3582 961 3639 Cassio
983 3581 1113 3639 Secundo
1129 3579 1172 3636 M.
1190 3580 1286 3637 Nonio
1301 3579 1439 3636 Muciano

152 3695 211 3734 non
239 3687 308 3737 sunt
338 3699 409 3756 pars
441 3690 562 3738 senatus
594 3682 737 3753 consulti,
771 3684 823 3741 sed
851 3682 1005 3740 exordium
1033 3682 1076 3740 ita
1101 3682 1290 3751 continuant,
1322 3690 1355 3739 ut
1383 3681 1439 3738 hoc

152 3779 320 3857 significent
353 3790 475 3840 senatus
511 3783 680 3840 consultum
713 3802 748 3840 ea
781 3784 828 3842 die
863 3784 1044 3860 descriptum
1082 3791 1112 3840 et
1144 3785 1326 3859 recognitum
1361 3800 1437 3841 esse.

151 3881 231 3940 Nam
260 3883 368 3941 similis
394 3884 524 3941 formula
549 3885 626 3943 redit
646 3886 677 3942 in
701 3904 760 3943 uno
782 3887 1040 3944 senatusconsulto
1063 3886 1156 3943 relato
1179 3886 1216 3943 ab
1238 3886 1367 3961 losepho
1391 3884 1437 3956 14,

155 3982 277 4056 10,10,
305 3986 357 4043 ubi
383 3995 452 4062 post
478 3987 576 4063 ipsum
605 3987 754 4045 decretum
781 4007 847 4046 cum
874 3989 1059 4064 praescripto
1083 3988 1131 4046 die
1157 3987 1201 4045 ΙΙΙ
1226 3988 1267 4046 id.
1290 3990 1363 4063 Apr.
1391 4004 1438 4045 se·

152 4095 282 4161 quuntur
308 4087 398 4144 verba
424 4088 512 4146 haec:
538 4081 649 4164 ἐγένετο
675 4083 726 4172 arpii
753 4081 830 4146 aiore
857 4085 937 4147 εἰδῶν
962 4083 1160 4173 Φεβρουαρίων
1185 4087 1213 4146 ἓν
1238 4090 1279 4166 τῷ
1305 4090 1366 4164 ναῷ
1391 4091 1440 4158 τῆς

149 4180 295 4250 Ὁμονοίας
322 4191 495 4248 consulibus
522 4192 643 4251 omissis
669 4191 797 4252 fortasse
823 4193 912 4268 culpa
935 4193 1068 4269 Iosephi;
1095 4193 1262 4266 habentque
1283 4191 1357 4249 haec
1379 4189 1438 4248 duo

121 4301 128 4308 ·
152 4292 414 4349 senatusconsulta
441 4293 506 4350 sola
533 4313 571 4351 ex
598 4295 635 4352 iis
662 4313 738 4370 quae
766 4304 929 4370 supersunt
955 4295 1110 4353 exordium
1133 4294 1170 4351 de
1191 4293 1387 4351 describendo
1409 4301 1439 4350 et

152 4394 402 4467 recognoscendo.
447 4394 535 4452 Unde
562 4405 685 4472 apparet
712 4398 859 4455 eiusmodi
886 4398 1000 4455 dierum
1026 4397 1233 4455 adnotationes
1261 4414 1327 4453 cum
1350 4413 1437 4452 exor-

151 4492 209 4550 diis
238 4494 460 4569 coniungendas
486 4497 603 4572 esse1).
650 4498 789 4575 Denique
811 4502 968 4559 exordium
991 4501 1069 4558 diem
1090 4497 1310 4574 quodammodo
1338 4496 1438 4573 requi-

150 4594 203 4665 rit;
226 4614 293 4653 nam
317 4597 494 4673 saepissime
515 4599 714 4659 instrumenta
735 4602 883 4678 descripta
899 4610 928 4659 et
942 4604 1095 4678 recognita
1108 4601 1151 4658 ita
1165 4599 1382 4675 concipiuntur,
1405 4606 1438 4654 ut

151 4697 315 4772 exemplari
341 4698 486 4775 descripto
512 4711 715 4778 praeponatur
736 4686 891 4763 exordium
913 4706 950 4763 de
970 4703 1181 4773 describendo,
1205 4701 1351 4758 adiciatur
1373 4700 1436 4759 dies

108 4886 312 4895 Μ.

185 5032 208 5093 ¹)
237 5033 322 5082 Aliter
345 5032 377 5078 de
401 5031 458 5079 loco
481 5031 585 5096 Iosephi
610 5033 733 5082 iudicarit
752 5034 904 5085 lluebnerns
927 5039 953 5086 in
980 5037 1164 5085 commentario
1190 5032 1221 5083 cle
1246 5033 1310 5082 actis
1334 5039 1436 5083 senatus

108 5139 135 5187 p.
155 5140 179 5187 q.
200 5123 231 5175 R.
250 5142 275 5188 p.
293 5126 339 5185 183
359 5124 404 5171 sed
423 5125 576 5173 documento
595 5125 623 5174 iu
643 5126 735 5175 Africa
754 5136 854 5190 reperto
874 5129 989 5194 quaestio
1009 5128 1095 5178 decisa
1114 5135 1159 5176 est.
