3458 6292
308 491 378 559 186
877 506 1056 559 conssuu:

309 679 365 737 76.
409 679 529 737 Tabula
549 697 718 739 marmorea
742 679 837 738 fracta
862 679 972 738 litteris
997 677 1115 737 Latinis
1137 683 1283 757 inscripta
1304 679 1456 738 deficiente
1484 683 1638 756 superiore

349 783 412 839 eius
433 793 532 857 paute,
566 782 687 840 inventa
719 785 749 839 in
778 800 853 858 egro
878 780 1029 840 Frontone
1058 800 1077 839 a
1104 781 1240 840 Vincenzo
1267 781 1394 840 Riualdo
1422 799 1516 858 prope
1545 782 1637 841 Casa-

347 883 478 955 calenda,
500 896 563 943 turn
586 883 666 961 apud
688 883 789 942 Amor.
814 882 941 956 Coraca,
963 902 1041 942 nunc
1067 888 1097 941 in
1119 903 1223 944 museo
1245 883 1460 960 Neapolitauo:

538 1021 745 1136 .n..‹e

368 1188 467 1248 IACE
490 1187 726 1248 AMANAFED
749 1187 809 1284 ESI
824 1187 906 1264 [dum
1212 1189 1261 1247 hic
1282 1189 1415 1265 perfecit,
1437 1190 1514 1248 idem

528 1326 748 1388 PROFATED
1284 1328 1432 1405 probavit

392 1502 487 1560 Tituli
517 1503 722 1580 apographum
748 1502 831 1561 misit
855 1501 892 1559 R.
919 1498 1068 1574 Schoene,
1101 1520 1140 1560 ex
1167 1521 1228 1578 quo
1255 1513 1395 1579 apparet,
1422 1504 1487 1562 eius
1508 1503 1638 1579 primum

308 1624 428 1664 versum
449 1605 544 1663 fracto
565 1604 664 1681 lapide
685 1605 728 1663 ita
746 1604 915 1663 mutilatum
935 1622 971 1661 ac
989 1622 1085 1680 paene
1099 1604 1229 1663 deletum
1245 1608 1321 1677 eam,
1344 1616 1376 1663 ut
1389 1615 1504 1664 tantum
1519 1605 1640 1663 infimae

308 1707 474 1785 particulae
495 1708 585 1766 trium
607 1707 656 1765 vel
677 1717 819 1782 quattuor
839 1707 1002 1765 litterarum
1024 1717 1144 1779 restent,
1166 1727 1293 1784 quarum
1314 1707 1398 1766 nulla
1419 1707 1518 1784 qualis
1540 1708 1641 1780 fuerit,

308 1821 466 1889 procerte
488 1809 632 1874 affirmari
652 1818 760 1887 potest.
804 1809 845 1867 Et
866 1812 911 1869 sio
930 1826 986 1886 ego
1007 1809 1073 1886 ipse
1096 1809 1157 1867 vidi
1170 1810 1303 1869 tabulam
1325 1810 1363 1868 od
1379 1810 1521 1887 parietem
1544 1810 1640 1869 musei

307 1912 499 1990 Neapolitani
530 1912 674 1985 adfixam,
713 1913 813 1988 ibique
842 1911 954 1972 frustra
984 1930 1024 1970 ex
1059 1912 1203 1989 relliquiis
1234 1913 1322 1990 primi
1356 1930 1462 1972 versus
1494 1913 1641 1972 vocabula

309 2014 392 2074 Osca
419 2014 577 2073 restituere
610 2026 746 2074 conatus.
768 2033 844 2074 sum.
898 2013 1032 2073 Titulum
1065 2012 1211 2074 Garrucci
1246 2016 1374 2093 primum
1402 2015 1569 2092 publicavit
1600 2034 1640 2074 ex

309 2117 486 2196 apographo
523 2119 560 2175 A.
594 2114 730 2177 Carabae
767 2117 847 2176 hunc
879 2117 910 2175 in
943 2116 1073 2188 modum,
1132 2116 1252 2176 Memor.
1283 2117 1384 2176 Ercol.
1418 2117 1529 2178 d'orelt.
1572 2118 1641 2190 VII,

309 2220 444 2299 append.
463 2238 496 2295 p.
519 2219 573 2278 26:
610 2220 650 2277 N.
673 2219 764 2278 Bairi
784 2219 825 2277 N.
847 2238 884 2277 m.
907 2229 926 2276 t.
948 2237 972 2277 s.
995 2229 1014 2277 t.
1036 2237 1120 2276 arom
1138 2216 1143 2298 Ι
1161 2223 1223 2278 lace
1244 2220 1401 2295 amonascd
1420 2221 1530 2280 aidum
1547 2218 1553 2295 Ι
1568 2239 1642 2297 pm·

302 2323 398 2398 sated.
451 2322 487 2379 In
513 2321 617 2380 eodem
649 2330 735 2380 textu
767 2326 911 2399 scriptum
943 2320 1034 2379 habet
1060 2323 1199 2398 prosoted
1234 2319 1372 2382 Guarini.
1429 2321 1489 2382 Iter
1526 2339 1641 2398 capum,

310 2424 430 2483 Mansio
460 2425 547 2496 VIII,
569 2424 681 2501 Nopoli
701 2424 787 2496 1851,
806 2443 837 2499 p.
860 2423 894 2495 9,
925 2442 964 2481 ex
985 2423 1069 2482 cuius
1091 2422 1183 2496 libro,
1211 2441 1300 2501 quem
1320 2424 1386 2501 ipse
1408 2423 1559 2501 inspicere
1581 2442 1642 2482 non

312 2529 408 2605 potui,
443 2525 480 2586 G.
509 2527 546 2586 de
571 2526 664 2586 Petra
690 2526 765 2585 haec
785 2525 858 2584 mihi
880 2527 973 2585 verba
993 2526 1149 2603 rescripsit
1180 2525 1218 2586 de
1243 2527 1302 2586 hoc
1324 2526 1409 2586 titulo
1432 2527 1520 2599 dieta,
1550 2546 1584 2603 p.
1606 2527 1643 2584 9.-

310 2630 368 2702 „In
394 2629 504 2706 oppido
534 2628 746 2689 Casacalendoe
777 2646 870 2704 prope
897 2627 1043 2687 Larinum
1071 2629 1277 2688 Firmanorum
1305 2629 1342 2688 ab
1368 2650 1416 2688 an.
1439 2628 1640 2705 usque-1844

312 2733 469 2804 detectum,
491 2731 624 2808 miliique
644 2730 790 2790 hactenus
817 2749 933 2790 summo
961 2731 1061 2790 studio
1088 2732 1277 2790 occultatum.
1321 2729 1415 2791 Suum
1441 2731 1548 2790 deinde
1570 2730 1644 2788 iecit

312 2834 480 2894 Ambrosius
515 2832 629 2893 carata
661 2851 708 2891 an.
734 2833 824 2905 1847,
857 2834 980 2910 eiusque
1002 2833 1187 2910 exemplaria
1221 2834 1307 2893 varia
1332 2841 1394 2893 tum
1421 2835 1547 2893 Romam
1573 2851 1641 2890 cum

312 2936 473 3014 Neapolim
494 2936 703 2994 transmissa“
746 2935 821 2993 Inde
842 2936 1033 3013 intellegitur,
1055 2937 1143 2995 etiam
1165 2936 1244 2995 hunc
1265 2936 1360 2996 virum
1383 2935 1501 2997 doctum
1523 2934 1643 2993 nonnisi

312 3058 351 3097 ex
373 3039 548 3117 apographo
571 3035 707 3097 Oarabae
727 3037 847 3097 novisse
869 3039 998 3098 titulum.
1041 3039 1155 3098 Postea
1169 3037 1316 3099 Garrucci
1338 3039 1377 3098 ab
1399 3038 1502 3100 eodem
1523 3049 1644 3098 auctore

312 3142 388 3199 alias
408 3140 554 3199 lectiones
575 3140 699 3219 protulit
720 3152 810 3218 atquc
833 3149 930 3200 antea.
972 3141 1055 3199 Ball.
1078 3142 1158 3201 orel.
1178 3141 1258 3218 Nep.
1279 3161 1326 3201 no.
1348 3160 1373 3201 s.
1394 3142 1422 3214 I,
1442 3162 1473 3218 p.
1491 3141 1540 3213 83,
1561 3142 1647 3200 es.1.·

311 3244 356 3303 Ni
375 3243 465 3302 Bairi
485 3242 538 3316 H„
558 3260 601 3301 os.
623 3242 657 3303 3.·
685 3245 841 3320 prosated,·
871 3244 940 3303 inde
962 3244 1087 3317 Heraea,
1120 3244 1203 3303 Ball.
1224 3246 1252 3302 d.
1275 3244 1348 3304 Inst.
1371 3265 1399 3303 a.
1421 3243 1517 3316 1852,
1541 3262 1572 3319 p.
1596 3242 1645 3314 91,

312 3346 364 3405 ubi
393 3346 505 3422 legitur
535 3363 577 3402 es.
602 3344 639 3402 2:
672 3344 756 3418 Icace,
782 3346 914 3406 Fabretti
947 3346 978 3406 C.
1000 3347 1029 3405 I.
1050 3348 1089 3406 It.
1109 3365 1140 3406 n.
1161 3346 1248 3407 2871.
1290 3346 1427 3420 Eudemo,
1461 3346 1496 3405 F.
1519 3346 1547 3403 d.
1573 3344 1643 3404 Oslc.

312 3448 382 3525 Spe.
404 3468 431 3506 rt
454 3446 580 3507 XXIX.
622 3445 788 3524 Postquam
811 3448 888 3526 lapis
910 3466 989 3508 anno
1014 3447 1093 3509 1862
1115 3466 1135 3506 s
1155 3445 1276 3508 Oaraba
1297 3450 1433 3509 venditus
1453 3449 1485 3508 in
1507 3467 1644 3508 museum

312 3550 549 3627 Neapolitanum
569 3548 674 3609 illotus
696 3561 752 3623 est,
774 3569 861 3610 nemo
883 3552 959 3610 vidit
978 3553 1111 3631 integras
1126 3551 1216 3628 primi
1238 3569 1344 3610 versus
1359 3552 1484 3624 litteras,
1507 3567 1583 3627 quas
1606 3568 1645 3607 ex

316 3652 398 3711 illius
421 3651 597 3731 apographo
619 3652 745 3728 protulit
759 3651 914 3727 Garrucei‚
937 3653 990 3712 scd
1011 3653 1141 3731 primum
1155 3650 1290 3714 Schoene
1312 3653 1387 3711 nihil
1408 3653 1466 3711 nisi
1488 3652 1646 3728 relliquias

313 3755 378 3814 eius
411 3772 507 3832 paene
539 3754 683 3812 evanidos
710 3755 855 3832 repperit,
888 3764 950 3814 tum
978 3755 1096 3814 demum
1125 3754 1250 3815 Fiorelli
1281 3774 1320 3814 ex
1348 3756 1391 3814 eis
1427 3754 1646 3814 restituendum

312 3857 431 3935 putarit
450 3857 565 3915 litteras
588 3865 728 3933 quattuor
749 3861 780 3916 ni
796 3902 803 3915 .
820 3858 876 3928 ba,
910 3866 940 3916 ct
961 3858 1098 3917 cancellis
1120 3857 1251 3918 inclusas
1273 3857 1386 3917 addidit
1407 3866 1565 3934 sequentes
1588 3853 1648 3914 Ca·

314 3958 405 4018 rabac
425 3958 552 4030 litteras,
586 3960 677 4019 Catal.
704 3978 775 4018 mus.
801 3959 880 4036 Nep.
906 3961 996 4019 Buce.
1018 3964 1108 4037 epiqr.
1130 3980 1158 4018 a.
1181 3961 1251 4042 131.
1295 3960 1362 4018 Has
1384 3969 1482 4018 autem
1508 3976 1565 4038 ego
1586 3959 1648 4016 iam

312 4069 402 4121 antea
433 4062 466 4120 in
498 4062 700 4138 suspicionem
722 4063 876 4121 vocandas
901 4062 1082 4134 existimavi,
1115 4063 1194 4138 quod
1216 4062 1347 4121 formula
1366 4061 1489 4139 m(edie)
1512 4060 1643 4138 t(utious)

314 4163 465 4240 e(enotcis)
500 4164 669 4241 t(an9iaud)
705 4163 736 4222 in
771 4164 855 4224 nullo
891 4165 951 4223 alio
987 4164 1108 4241 linguae
1136 4164 1235 4224 Oscae
1265 4176 1457 4224 monumento
1488 4165 1536 4223 liis
1568 4164 1648 4221 notis

315 4269 427 4345 scripta
447 4266 628 4343 reperiatur,
657 4275 687 4324 et
712 4276 781 4343 post
808 4286 874 4326 eam
900 4267 1078 4325 vocabulum
1107 4285 1191 4324 arem
1216 4285 1277 4326 non
1304 4267 1417 4327 Oscum
1445 4267 1485 4327 sit
1511 4266 1565 4325 sed
1586 4264 1646 4322 La·

314 4370 409 4428 tinum
432 4368 525 4445 (Z.s.
547 4367 635 4444 cerql.
664 4366 733 4444 Spr.
757 4368 817 4440 XI,
846 4370 914 4440 427,
940 4368 1023 4446 aot).
1067 4368 1127 4426 His
1154 4368 1292 4428 omnibus
1320 4370 1410 4447 igitur
1437 4367 1594 4448 perpensis
1616 4368 1648 4425 in

314 4491 381 4532 eam
403 4489 451 4530 me
474 4471 652 4530 sententiam
674 4469 834 4529 deductum
855 4470 954 4543 video,
975 4483 1009 4529 ut
1030 4471 1157 4547 primum
1175 4490 1294 4531 versum
1309 4471 1513 4550 inscriptionis
1535 4471 1573 4531 de
1587 4489 1649 4546 qua

315 4579 414 4654 agitur
441 4594 460 4633 a
485 4570 606 4633 Canaba
626 4592 686 4632 non
709 4573 761 4645 ita,
789 4582 822 4632 ut
843 4573 972 4652 scripsit,
1000 4573 1147 4651 integmm
1168 4574 1200 4632 iu
1222 4574 1325 4633 tabula
1345 4574 1443 4633 oculis
1463 4575 1559 4632 visum
1582 4591 1649 4632 esse

314 4677 429 4750 dicam,
465 4674 520 4735 sed
545 4676 706 4734 maximam
732 4687 849 4752 partem
876 4694 916 4734 ex
942 4676 1040 4753 ipsius
1062 4676 1183 4753 ingenio
1205 4676 1337 4736 additum
1365 4676 1403 4735 ad
1425 4676 1648 4754 inscriptionem

317 4777 515 4856 supplendam
538 4790 569 4837 et
588 4778 810 4838 restituendam.
855 4777 994 4854 Denique
1008 4778 1227 4838 observandum
1242 4785 1298 4850 est,
1320 4777 1410 4837 etiam
1431 4778 1547 4857 integra
1560 4778 1650 4837 huius

317 4881 523 4957 inscriptionis
544 4882 637 4940 verba
656 4881 794 4940 recedere
815 4899 875 4940 non
890 4881 987 4940 solum
1009 4900 1028 4939 a
1050 4881 1200 4940 scribendi
1214 4899 1307 4952 more,
1329 4881 1485 4940 sedetiam
1507 4899 1526 4938 a
1545 4880 1650 4939 formis

316 4983 529 5042 vocabulorum
559 4985 680 5061 lingnac
708 4984 815 5044 Oscae.
859 4982 997 5060 Namque
1023 5002 1079 5061 pro
1100 4984 1290 5058 aamaaaffed,
1317 4983 1463 5044 habemus
1485 4984 1652 5058 artonosco,

317 5104 372 5161 pro
399 5085 570 5162 prisatted:
579 5089 727 5163 prosated,
761 5087 834 5163 quin
865 5086 955 5145 etiam
986 5105 1042 5163 pro
1070 5086 1154 5146 Osco
1177 5085 1364 5165 pronominis
1391 5086 1489 5145 forma
1517 5085 1582 5146 itt-lc
1605 5085 1651 5142 vel

317 5191 378 5248 ica-e
400 5188 531 5247 eiusdem
554 5190 673 5267 generis
696 5198 730 5247 ut
749 5188 822 5259 iulo,
844 5191 912 5259 loe,
941 5191 1028 5261 ion-c,
1050 5186 1138 5261 elci-lt,
1159 5186 1257 5263 elta-la
1279 5186 1395 5263 mk,
1421 5186 1535 5263 essa-r,
1555 5204 1651 5261 eso-c,
