3458 6292
662 496 738 546 nux
755 496 837 547 con.
859 496 1087 548 enun'rn'un.
1472 479 1543 548 143

829 598 880 605 -ι
888 600 943 606 -,.
951 598 1048 606 ...—-—
1262 600 1543 607 --...—..-·-.—-

203 678 312 745 utitur,
341 675 463 733 nimiu
490 671 707 732 tornatoribus
736 680 844 729 tnnmm
873 688 1035 729 concessu-n
1062 677 1111 727 eat.
1163 668 1286 728 Iudiciis
1314 671 1444 746 publicis
1474 673 1546 730 item

202 774 425 855 comprehendi
450 774 609 853 popularia
634 774 798 833 multarum
824 774 856 831 in
882 772 1033 847 publicum
1055 771 1285 848 redigendarnm
1307 782 1337 829 et
1358 773 1480 831 aliunde
1502 775 1546 832 in·

204 878 366 957 tellegitar
390 889 436 949 et,
462 876 546 953 qued
567 876 606 935 ed
627 877 705 934 hnno
726 876 822 952 legem
844 876 982 951 proxime
1003 874 1146 949 pertinet,
1173 892 1211 932 ex
1233 894 1259 932 c.
1275 874 1331 932 LV
1352 875 1429 951 legis
1451 876 1546 935 luline

204 981 350 1059 annuae
375 987 446 1059 post
470 980 563 1039 verba
588 997 682 1057 supra
706 978 804 1037 relate
829 977 872 1035 ita
899 976 1066 1054 pergentis:
1093 981 1178 1053 inque
1205 996 1266 1035 enm
1291 995 1348 1034 rem
1374 981 1399 1035 is
1422 983 1471 1053 qni
1492 979 1546 1037 linc

205 1084 269 1161 iope
295 1084 436 1143 iudicium
461 1084 571 1141 dederit
598 1082 712 1140 testibus
734 1080 849 1156 publice
875 1081 942 1138 dnm
968 1089 1050 1137 tonat
1077 1082 1108 1137 in
1128 1098 1174 1137 res
1196 1079 1326 1155 cingulas
1347 1078 1545 1156 iorninidn31)

207 1184 245 1244 Χ
262 1186 455 1245 denuntiandi
470 1193 640 1261 potestatem
655 1185 750 1258 jacito
772 1186 814 1241 ita
834 1192 866 1241 ut
888 1201 902 1240 e
923 1182 1091 1258 republica
1106 1182 1220 1258 fideque
1240 1200 1296 1239 sun
1310 1182 1459 1240 uidebitur.
1495 1184 1546 1241 Ad

205 1286 283 1347 liaeo
303 1288 398 1367 vulgo
423 1296 498 1347 nota
523 1296 554 1347 et
574 1287 649 1347 satie
671 1294 782 1344 testata
803 1302 883 1343 nova
904 1283 1051 1361 quaedam
1072 1304 1111 1343 ex
1132 1284 1199 1360 lege
1221 1284 1357 1343 coloniae
1380 1282 1546 1344 Genetivae

208 1390 363 1449 madunt.
405 1392 542 1468 Apparet
567 1390 596 1448 ei
621 1387 811 1467 magistratui
836 1388 889 1463 qui
916 1386 1058 1444 indicium
1085 1386 1168 1444 dedit
1193 1388 1240 1444 ius
1267 1404 1325 1444 uon
1349 1386 1442 1446 luisse
1464 1389 1545 1446 testi·

209 1493 302 1552 monii
322 1491 520 1553 denuntiandi
541 1492 599 1551 nisi
620 1490 652 1549 in
674 1507 750 1566 quos
772 1488 830 1548 sibi
855 1489 1012 1565 imperium
1035 1499 1129 1560 csset3
1151 1489 1289 1547 similiter
1310 1490 1341 1548 in
1362 1508 1455 1549 cnusn
1470 1489 1544 1567 Ver-

211 1592 277 1655 tina
300 1594 429 1655 natibus
451 1592 562 1657 Siculis
590 1593 795 1653 testimouium
822 1591 978 1650 denuntiat
1004 1610 1063 1648 non
1089 1603 1210 1667 praetor
1235 1592 1262 1649 is
1288 1592 1339 1668 qni
1366 1593 1545 1668 repetunda-

214 1714 277 1757 mn
299 1696 442 1757 iudicium
467 1706 600 1770 exercet,
629 1695 684 1755 sed
712 1696 738 1753 ia
766 1694 818 1771 qui
845 1700 965 1770 praeest
990 1693 1161 1768 provinciae
1189 1690 1363 1769 Siciliael).
1408 1694 1544 1753 Testium

218 1800 267 1875 qui
288 1799 382 1859 eoacti
402 1798 605 1860 testimonium
629 1797 731 1855 dicant
758 1797 790 1855 in
817 1795 936 1855 iudiciis
962 1796 1191 1873 recuperatoriis
1217 1815 1284 1855 cum
1313 1796 1415 1855 decem
1441 1816 1544 1856 nume·

223 1920 282 1961 tum
304 1901 388 1961 liniat
411 1910 473 1961 tam
499 1900 550 1959 lex
578 1900 657 1959 Iulia
682 1898 771 1958 modo
797 1899 888 1957 citata
914 1917 1004 1974 quarn
1031 1898 1120 1957 edicti
1144 1900 1280 1977 perpetui
1302 1898 1486 1975 lormulai),
1512 1899 1543 1956 iu

227 2002 278 2063 hae
297 2004 360 2085 lega
386 2021 529 2063 numerus
553 2002 704 2061 iuvenitur
725 2001 912 2077 duplicatus,
950 2000 1076 2059 Praeter
1097 2008 1204 2075 testes,
1232 2002 1341 2077 quibus
1363 2009 1433 2060 ante
1455 2020 1543 2077 quam

233 2106 352 2167 indidem
375 2106 411 2167 fit
435 2105 641 2167 denuntiatum
669 2111 730 2176 eat,
756 2104 816 2162 iam
844 2103 1045 2180 intellegimus
1073 2105 1163 2162 etiam
1187 2104 1284 2181 siqui
1308 2104 1378 2161 dum
1400 2103 1543 2162 iudicium

238 2208 310 2269 tut
326 2208 429 2269 horem
450 2208 554 2286 ulique
575 2209 608 2268 in
629 2207 800 2267 testimonio
823 2206 949 2265 diceudo
971 2206 1117 2265 nominati
1139 2214 1250 2278 essent,
1275 2224 1327 2265 eos
1350 2207 1388 2265 nd
1410 2207 1543 2266 testimo-

241 2310 304 2371 ninm
319 2311 529 2389 perhibendum
551 2310 620 2389 cogi
640 2310 790 2389 potuisse,
819 2308 907 2367 modo
929 2328 967 2366 ne
988 2325 1130 2367 numerus
1153 2308 1260 2385 viginti
1281 2310 1485 2368 excederetur.
1503 2342 1541 2351 —

164 2398 171 2493 i
243 2410 364 2474 Perennae
390 2424 537 2492 exceptae
564 2413 653 2473 huius
682 2411 759 2489 legis
787 2410 907 2471 eaedem
936 2410 999 2469 fere
1029 2418 1099 2469 sunt
1125 2419 1215 2486 atque
1244 2429 1322 2487 quoe
1351 2411 1543 2489 excipiuntur

245 2512 293 2591 lege
307 2514 375 2577 luis
392 2515 573 2577 iudiciorum
595 2514 794 2591 publicorum.
837 2512 916 2589 Lepe
937 2512 1026 2584 lul-in,
1048 2511 1198 2588 Paulus⁴)
1221 2513 1272 2585 nit,
1299 2514 1468 2572 indiciorum
1485 2533 1542 2589 pn-

175 2692 178 2699 ·
247 2614 349 2677 lintea
366 2626 493 2689 canetur,
513 2636 550 2677 ne
569 2620 658 2675 invito
680 2618 869 2686 denuntietur,
895 2624 927 2673 ut
948 2618 1131 2673 testinnonium
1153 2618 1213 2673 litis
1236 2616 1316 2673 dicat
1335 2618 1473 2673 aduersus
1496 2634 1542 2673 so·

248 2734 314 2777 m
327 2740 462 2797 generum,
483 2723 616 2780 uitricum
627 2722 805 2796 priuignum,
827 2718 970 2775 sutrinum
986 2718 1139 2788 sobrinam,
1160 2718 1273 2776 sobrino
1290 2717 1430 2793 [sobrina]
1445 2728 1542 2775 nntnm

250 2836 306 2879 nm
319 2826 362 2898 qui
379 2826 478 2901 priore
499 2820 604 2899 [immo
622 2821 772 2898 propiore]
793 2822 890 2897 produ
913 2824 979 2890 siut,
1002 2823 1069 2877 item
1088 2837 1122 2877 ne
1144 2819 1242 2879 liberto
1265 2822 1368 2896 ipsius,
1391 2820 1542 2879 liberorum

181 2950 185 2959 ·
250 2922 298 2994 ni,
310 2928 473 3001 parentium,
499 2928 557 2983 oiri
576 2928 689 2996 uncria,
716 2928 781 2982 item
799 2925 919 2999 pintroni
935 2933 1092 2999 patronae:
1118 2932 1142 2980 et
1162 2932 1247 2980 utne
1264 2926 1382 2998 patroni
1399 2933 1542 2998 pntronne

250 3024 350 3087 m
373 3028 489 3089 libertos
514 3036 652 3103 eoguntur
678 3028 864 3085 testimonium
889 3026 989 3083 dicere.
1032 3023 1094 3085 Sed
1114 3024 1233 3100 plenius
1256 3036 1286 3084 et
1306 3024 1482 3100 prudentius
1504 3026 1542 3085 de

250 3120 404 3209 intllego
424 3128 547 3209 publice
567 3138 687 3189 cautum
708 3137 755 3187 est
775 3147 866 3205 quam
888 3128 918 3185 in
942 3127 1087 3186 colonien.
1131 3125 1259 3205 Cognati
1280 3145 1348 3185 enm
1370 3128 1453 3186 etin
1474 3128 1541 3206 lege

249 3220 303 3287 iniit
316 3230 485 3293 indiciorum
504 3231 692 3308 publicorum
713 3230 795 3290 etin
817 3230 887 3289 aliia
909 3230 1049 3289 omnibus
1070 3230 1250 3288 deliniantur
1271 3239 1323 3287 aut
1341 3240 1428 3289 sexto
1443 3232 1540 3310 gradu

249 3326 394 3395 ”fiturum
416 3343 469 3395 aut
488 3333 617 3412 septimo
639 3333 761 3393 sobrino
783 3332 970 3409 natorum5),
992 3332 1073 3410 quod
1094 3332 1143 3391 hic
1165 3333 1309 3391 liberatur
1331 3333 1381 3408 qui
1404 3352 1454 3391 reo
1470 3353 1539 3393 con·

245 3428 349 3497 Wrinna
368 3438 409 3497 sit
428 3437 588 3516 propiusve
610 3455 678 3495 enm
701 3456 737 3495 ea
758 3436 935 3513 cognatione
957 3435 1119 3512 contingat,
1141 3435 1172 3493 id
1194 3444 1241 3493 eat
1261 3435 1379 3512 cognati
1399 3435 1437 3493 ad
1452 3454 1540 3511 qnar-

243 3532 289 3591 ⁸¹²
303 3538 415 3615 pedum
437 3558 544 3618 neque,
565 3538 731 3599 inauditum
752 3550 799 3598 est
819 3546 850 3597 et
870 3538 999 3596 fortusse
1022 3548 1126 3596 contra
1147 3537 1195 3597 ius
1216 3547 1369 3613 receptum
1386 3539 1423 3596 ab
1438 3557 1473 3598 eo
1488 3540 1539 3615 qui

235 3620 313 3707 ΕΜ
331 3642 510 3721 mascripsit
533 3648 646 3701 temere
672 3642 815 3719 positum.
864 3641 1010 3701 Asinium
1038 3659 1106 3698 eum
1131 3640 1296 3699 liberentur
1324 3659 1415 3718 gener
1443 3659 1538 3714 socer,

227 3812 413 3851 k.

296 3986 315 4051 ¹)
335 3992 366 4043 In
383 3992 458 4045 libris
476 4000 516 4045 eat
533 3980 579 4041 ᾗ
598 4006 646 4057 pro
664 3980 700 4037 Ἡ.

294 4076 314 4143 ²)
337 4084 429 4137 cicero
440 4086 517 4137 Verr.
532 4086 557 4147 2,
571 4085 616 4147 27,
630 4084 679 4135 65:
700 4080 789 4151 quidne
807 4096 853 4149 eqo
873 4082 1036 4131 testimoninm
1054 4079 1208 4143 denuntiet-i,
1230 4098 1332 4147 quorum
1350 4083 1450 4132 itoruinn
1467 4081 1539 4133 edidi

235 4172 318 4225 etelle
335 4212 414 4229 .....
433 4174 517 4229 diune
534 4192 584 4227 non
603 4182 730 4227 uenerunt.
768 4176 800 4225 In
824 4174 922 4224 iudicio
945 4174 1048 4239 publico
1072 4175 1161 4238 populi
1180 4174 1291 4225 Romani
1309 4190 1356 4239 per
1374 4176 1538 4240 magistratus

195 4248 385 4335 ⁰⁸²thqu
402 4270 503 4321 ordinis
521 4268 695 4319 testimonium
715 4267 862 4319 denuntiari
876 4268 990 4332 potuisse
1009 4265 1037 4327 (l.
1057 4275 1136 4331 repet.
1156 4282 1179 4316 v.
1194 4266 1239 4328 31)
1260 4275 1458 4317 cousentaneum
1472 4276 1518 4317 cst.

292 4354 312 4421 ⁸)
335 4362 435 4413 Probtu
458 4362 492 4415 de
510 4363 579 4413 notit
597 4378 623 4426 p.
638 4362 692 4411 274
711 4361 752 4410 ed.
772 4373 859 4410 meae:
886 4358 976 4425 predicti
993 4374 1023 4408 eu
1041 4374 1082 4407 rea
1101 4359 1157 4419 crit,
1178 4365 1262 4408 tccntno
1274 4360 1399 4426 pccnninc
1418 4358 1537 4409 indicium

195 4434 417 4515 *cummim
439 4452 507 4505 dedo
531 4451 681 4520 testibusque
699 4450 804 4521 publice
822 4450 880 4500 dum
899 4458 972 4500 tutat
991 4450 1071 4500 ‹lec-cm
1090 4449 1256 4500 ‹leriuun'uudt
1268 4459 1416 4519 potestatem
1427 4451 1536 4515 finium.

196 4508 328 4595 Edictum
338 4548 449 4613 Argenti
468 4546 502 4599 de
520 4560 603 4613 aquae
622 4545 859 4595 ductuVenafrauo
878 4544 995 4605 (Henzen
1009 4543 1105 4605 iiim:
1126 4559 1178 4593 eum
1198 4543 1242 4609 put
1258 4546 1324 4593 icitur
1343 4546 1407 4593 cir-is
1424 4551 1447 4593 et
1464 4560 1536 4611 pere·

203 4622 302 4683 ΝΜ
318 4638 357 4689 iae
377 4636 447 4690 dicet
468 4636 590 4689 indicium
612 4638 818 4705 reciperatorium
838 4637 864 4685 in
882 4636 999 4702 siripulna
1019 4652 1059 4685 rea
1077 4633 1128 4685 HS
1146 4618 1177 4684 X*
1190 4635 1295 4686 reddere
1314 4635 1461 4702 tentituruqne
1479 4636 1536 4686 ‹lnm

210 4704 328 4781 ’ΨΘΧ
345 4728 525 4783 demutiondie
549 4728 644 4793 [immo
668 4728 834 4781 denuntiandi
850 4727 1015 4796 potestatem]
1033 4728 1124 4793 sne-ere
1139 4728 1240 4795 placet,
1266 4728 1323 4777 ilum
1342 4730 1536 4795 recuperatorum

217 4808 312 4869 ¹'‘lflttt'n
327 4823 390 4905 tuter
407 4839 462 4875 eun
479 4824 525 4891 qni
542 4830 601 4890 npet
618 4830 643 4873 ct
660 4838 713 4873 enm
732 4838 835 4889 quocum
854 4829 943 4888 apetnr
961 4822 1000 4881 ita
1012 4818 1083 4887 fin[t,
1104 4828 1132 4871 nt
1150 4820 1204 4887 Icpc
1221 4819 1303 4885 Iulia]
1323 4838 1387 4889 princ
1400 4820 1430 4872 ‹le
1444 4820 1536 4872 incilicia

224 4900 319 4965 Μ
334 4914 387 4967 lato
405 4922 444 4967 eat
462 4912 549 4967 licebit
566 4912 698 4983 oportebit.

162 4936 190 5157 k
293 5000 313 5067 ⁴)
336 5008 397 5075 Dlg.
411 5010 456 5071 22,
469 5007 497 5071 5,
511 5008 538 5059 4.
564 5006 630 5059 Post
647 5004 751 5058 libertos
769 5014 910 5073 sequuntur
923 5007 1001 5057 verba
1020 5007 1132 5057 insiticia
1150 5022 1225 5073 neque
1245 5004 1331 5058 liberti
1348 5006 1470 5058 nituerana
1484 5023 1533 5075 pa·

238 5082 307 5149 *tua

292 5184 312 5251 ⁸)
334 5192 486 5260 Composuit
504 5192 577 5245 loces
595 5193 720 5245 Klenziua
739 5194 766 5243 iu
785 5191 845 5257 eph.
865 5192 1024 5259 Saviguiana
1042 5192 1105 5243 iuris
1124 5192 1240 5243 historici
1259 5192 1285 5255 (i,
1300 5194 1344 5244 99.
