3458 6292
522 535 868 591 COMMENTATIONES
886 539 1162 589 EPIGRAPHICAE
1182 540 1284 591 luas.
1495 522 1564 592 167

227 705 341 765 harum
369 728 470 768 rerum
497 711 586 788 periti
612 731 660 770 me
685 720 795 770 temere
823 721 854 770 et
882 730 936 787 pro
962 712 1088 770 arbitrio
1115 732 1151 770 ea
1175 713 1294 771 Latinis
1321 714 1434 771 verbis:
1463 717 1566 788 cippis,

228 810 377 869 caelatum
397 816 519 889 siquam,
540 814 733 885 decumanam,
754 815 845 874 solide
861 815 1027 873 reddidisse
1042 815 1238 891 suspicentur,
1261 816 1321 873 alia
1342 815 1491 874 scribendi
1513 835 1566 894 op·

226 912 419 989 portunitate
439 915 541 975 oblata
561 934 609 975 me
631 918 814 993 argumentis
835 917 926 977 altius
948 917 1084 994 repetitis
1107 936 1174 975 oum
1192 918 1343 995 elinguas
1364 918 1481 976 ratione
1503 928 1564 975 turn

227 1033 270 1073 ex
293 1016 535 1093 agrimensornm
563 1017 724 1096 disciplina
750 1029 843 1078 totam
870 1020 958 1079 huius
985 1019 1192 1095 inscriptionis
1218 1020 1492 1096 interpretationem
1519 1040 1564 1079 re-

227 1124 401 1177 tracturum
422 1138 487 1179 csse
508 1120 673 1197 professus.
711 1121 776 1181 Iam
797 1122 887 1200 igitur
905 1122 1004 1198 percle.
1023 1140 1088 1197 per.
1111 1131 1199 1180 notae
1221 1121 1406 1198 supplendae
1428 1121 1565 1180 videntur

227 1218 270 1277 ad
289 1220 506 1298 pensique-ir),
527 1222 662 1281 eiusdem
682 1224 796 1283 formae
810 1225 988 1284 vocabulum
1004 1233 1093 1299 atque
1108 1222 1282 1282 Umbricum
1300 1225 1439 1300 per-cas,
1462 1243 1563 1299 quam·

227 1322 280 1381 vis
303 1342 365 1382 non
386 1324 491 1383 cadem
512 1342 636 1400 prorsas
657 1326 876 1403 significatione
911 1326 1014 1402 (Aufr.
1043 1325 1164 1385 Kircltlt.
1190 1326 1283 1384 timor.
1315 1324 1403 1402 Sprd.
1426 1326 1471 1397 ΙΙ,
1489 1326 1561 1385 217.

232 1424 320 1499 413),
351 1424 454 1485 eadem
476 1427 571 1505 stirpe
592 1436 690 1487 ortum
711 1438 745 1486 ut
766 1446 827 1487 vox
847 1427 959 1487 Latina
976 1433 1122 1505 per-tica,
1146 1447 1213 1486 curn
1236 1446 1328 1487 sensu
1350 1428 1493 1503 stipitibus
1515 1429 1564 1487 vel

229 1530 338 1604 cippis.
378 1528 421 1587 Et
441 1530 582 1605 qnoniam
604 1530 636 1589 in
656 1529 752 1589 titulis
776 1532 890 1589 viarum
913 1530 1031 1589 Latinis
1053 1531 1192 1607 frequens
1214 1539 1259 1589 est
1279 1530 1409 1589 formula
1430 1529 1561 1588 dicendi:

228 1632 309 1687 man
329 1636 551 1691 terminaverunt
571 1635 675 1709 cippis,
695 1632 766 1691 huic
788 1632 949 1710 respondet
964 1633 1048 1692 Osca
1068 1634 1099 1691 in
1122 1633 1209 1691 titulo
1230 1633 1457 1709 magistratuum
1474 1633 1562 1690 Porn-

228 1732 425 1809 peianornm:
457 1737 506 1792 vta
537 1743 733 1795 termennttens
755 1734 929 1811 perek(ar's)‚
960 1736 991 1793 id
1018 1735 1099 1811 quod
1126 1735 1202 1793 bene
1230 1735 1380 1792 intellexit
1407 1732 1563 1808 Quaranta

228 1832 266 1909 (1.
282 1852 307 1893 c.
326 1854 360 1911 p.
377 1836 427 1895 07.
441 1836 506 1911 68).
542 1836 637 1908 Cotta,
657 1855 747 1913 quarn
762 1856 866 1897 vocem
887 1837 919 1895 in
933 1836 1033 1913 lapide
1055 1838 1102 1895 his
1116 1837 1225 1895 litteris
1241 1837 1382 1913 scriptam
1398 1853 1464 1894 esse
1484 1856 1562 1894 nunc

228 1954 353 2013 quoquc
367 1938 542 2017 conspicere
556 1940 676 2014 poterit,
697 1939 875 2017 quicumque
889 1939 983 1997 oculis
998 1940 1040 1997 uti
1055 1939 1193 2010 voluerit,
1213 1940 1297 1997 nulla
1311 1939 1430 2014 linguae
1446 1939 1562 1996 ratione

174 2028 178 2033 ’
227 2038 338 2097 eedem
361 2058 421 2099 vox
447 2048 547 2117 potest
571 2059 638 2101 esse
664 2060 699 2100 ac
724 2041 835 2101 Latina
862 2043 950 2114 cella,
977 2060 1032 2099 nec
1058 2041 1199 2099 credibile
1227 2051 1273 2099 est
1298 2060 1364 2098 eam
1392 2040 1560 2117 significare

229 2142 366 2217 tenplum
387 2142 434 2201 vel
453 2145 561 2219 sanum
582 2143 801 2216 velamentum,
839 2163 905 2202 cum
933 2144 990 2201 hoc
1017 2161 1107 2203 sensu
1133 2145 1164 2202 in
1191 2144 1312 2219 linguae
1334 2142 1432 2201 Oscae
1458 2162 1559 2201 monu-

228 2244 342 2303 mentis
356 2244 519 2304 habeamus
534 2245 680 2305 vocabula
697 2246 828 2323 pesclora,
845 2246 945 2322 ficunt,
961 2244 1150 2304 sakcraklom
1172 2244 1218 2320 (C.
1232 2246 1356 2321 Acsspr.
1369 2246 1416 2317 ΙΙ,
1429 2265 1462 2320 p.
1476 2246 1560 2317 1079,

229 2364 256 2405 c.
272 2344 304 2403 3.
325 2348 412 2419 1078,
427 2365 451 2407 c.
468 2347 497 2407 2.
517 2347 607 2422 1080,
623 2366 646 2406 c.
661 2350 690 2419 2,
706 2350 749 2406 ed.
763 2347 793 2419 2,
815 2347 953 2420 Enderis,
974 2347 1119 2406 Formati.
1135 2350 1163 2405 d.
1184 2347 1253 2407 Oslc.
1270 2348 1339 2423 Spr.
1356 2347 1452 2407 Gloss.
1467 2368 1499 2424 p.
1511 2350 1558 2407 41.

228 2448 281 2507 ta.
296 2448 363 2525 19).
383 2448 490 2526 ltaque
502 2450 592 2508 coil-a
606 2450 738 2509 eiusdem
753 2450 856 2527 stirpis
872 2450 1040 2527 similisque
1055 2468 1161 2510 sensus
1176 2467 1244 2508 esse
1260 2450 1388 2509 arbitror
1402 2470 1437 2510 ac
1451 2449 1560 2509 Latina

229 2550 384 2609 vocabula
397 2553 543 2624 coil-oce,
566 2553 714 2623 cael-ace,
737 2554 871 2613 caet-un
893 2572 1005 2630 „genus
1016 2552 1198 2623 ferramenti,
1220 2571 1309 2628 quem
1325 2552 1413 2630 vulgo
1435 2555 1564 2611 cilionem

224 2654 359 2713 rocmt“
380 2652 468 2727 (leid.
487 2655 567 2731 Oriq.
582 2654 657 2727 XX,
679 2675 703 2715 c.
719 2656 748 2727 4,
766 2674 799 2731 p.
818 2655 903 2731 623),
924 2666 954 2714 et
975 2656 1178 2713 accusativum
1200 2656 1277 2731 sing.
1302 2655 1394 2713 calla:
1421 2657 1561 2715 caelatum

224 2774 317 2835 opat,
345 2756 487 2815 melotam
512 2761 625 2834 siqnum
653 2758 841 2833 interpretor.
885 2756 964 2817 Nam
986 2757 1066 2834 apud
1089 2756 1238 2818 Samnites
1266 2775 1360 2816 aenea
1385 2758 1561 2834 caelataque

223 2860 318 2937 signs
342 2858 425 2919 loris
450 2860 637 2938 aliorumque
663 2859 787 2920 deorum
813 2860 845 2919 in
873 2878 931 2918 usu
959 2861 1070 2931 inisse,
1099 2861 1185 2918 docet
1211 2878 1336 2936 parvum
1361 2859 1442 2919 Iovis
1471 2871 1561 2936 caput

222 2980 356 3023 senem
376 2963 409 3021 iu
429 2980 505 3039 agro
526 2960 679 3021 Frentana
704 2972 857 3039 repertum
878 2981 947 3022 cum
968 2963 1164 3039 inscriptione
1186 2962 1270 3022 Osca
1295 2962 1465 3038 (Mora-trra,
1493 2962 1559 3021 Unt.

221 3064 312 3123 Dici.
336 3076 356 3125 t.
376 3064 445 3135 VII,
465 3066 487 3125 2
505 3084 536 3141 p.
551 3063 637 3140 170).
680 3064 871 3123 Adiectirum
899 3064 1135 3137 deletes-iactor,
1166 3065 1196 3122 in
1222 3084 1282 3140 quo
1309 3065 1408 3123 inesse
1436 3064 1559 3141 stirpem

220 3166 329 3229 Oscae
348 3166 466 3227 numeri
487 3167 603 3228 denarii
624 3166 707 3226 vocis
729 3168 788 3226 iam
811 3164 942 3226 Garucci
963 3168 998 3243 (1.
1015 3188 1038 3227 c.
1057 3187 1089 3244 p.
1105 3169 1158 3243 35)
1181 3176 1210 3225 et
1232 3164 1389 3240 Quaranta
1410 3185 1559 3245 cognove-

152 3260 155 3277 '
217 3278 296 3329 mnt
327 3270 363 3345 (l.
378 3288 403 3329 c.
419 3288 454 3347 p.
468 3270 540 3346 88),
566 3269 762 3346 repetendum
788 3270 930 3328 existimo
957 3288 976 3326 a
997 3269 1185 3329 substantivo
1212 3288 1283 3328 usco
1312 3269 1450 3340 ato-ia,
1478 3269 1559 3345 quod

152 3432 155 3455 ,
213 3372 390 3451 respondet
415 3368 559 3432 Umbrico
597 3371 733 3431 teto-ias
771 3388 838 3448 gen.
877 3371 953 3450 sing.
980 3372 1049 3430 fem.
1087 3371 1161 3447 (tab.
1185 3372 1415 3448 79007701.
1469 3372 1556 3445 Aufr.

152 3490 155 3545 ζ
212 3474 351 3535 ruent.
372 3492 402 3533 a.
422 3472 457 3533 0.
470 3474 516 3548 ΙΙ,
537 3472 600 3533 336
612 3472 672 3551 1.),
699 3472 916 3550 significatione
943 3492 1002 3531 non
1024 3474 1143 3532 diverso
1165 3493 1183 3530 a
1206 3473 1323 3533 Graeco
1346 3462 1459 3544 δικ-ἇς,
1481 3473 1558 3531 unde

152 3628 154 3639 .
209 3576 449 3639 desto-inda
470 3593 592 3635 sensnm
613 3576 838 3634 daun-anam
859 3576 982 3653 accepit.
1016 3574 1156 3651 Denique
1175 3566 1360 3635 aereoli-d
1379 3577 1559 3651 interpretor

204 3678 403 3741 adverbium
423 3678 559 3737 ciusdem
579 3678 699 3755 generis
722 3686 754 3735 nt
775 3676 889 3737 Oscum
910 3679 1082 3754 atu-prufi·d
1104 3704 1141 3727 =
1164 3679 1317 3755 itu-prode,
1344 3677 1484 3737 Latinum
1504 3679 1556 3752 sc·

202 3780 371 3851 almon,
393 3779 553 3840 formatum
576 3799 595 3837 a
615 3780 709 3856 stirpe
731 3779 860 3837 nominis
882 3797 999 3852 cerco,
1021 3798 1099 3855 quae
1120 3780 1199 3840 inest
1218 3782 1249 3839 in
1270 3781 1362 3839 verbo
1385 3780 1556 3839 denomina-

199 3874 279 3947 tivo
312 3902 472 3943 cenna-re
502 3892 534 3941 et
557 3882 706 3960 significat
730 3882 870 3954 solidam,
904 3890 1002 3955 totum,
1035 3886 1172 3958 inteprum
1203 3882 1256 3958 (C.
1278 3883 1313 3940 Z.
1330 3884 1359 3957 s.
1379 3882 1467 3958 cerpl.
1484 3880 1555 3957 Spr.

198 3984 358 4059 XVIII,
372 3984 448 4045 200.
479 3984 606 4063 Amne.
620 3983 648 4057 Ι,
664 3983 723 4043 ast
739 4002 795 4061 sq„
817 3984 861 4042 ed.
878 3982 921 4060 2).

195 4388 263 4451 21.
316 4382 521 4461 Horologium
550 4382 693 4443 solarium
721 4401 761 4443 ex
789 4382 887 4458 lapide
914 4382 1072 4441 Tiburtino
1099 4383 1251 4441 inventum
1280 4382 1310 4440 in
1337 4382 1460 4440 thermis
1488 4380 1555 4442 Sta-

249 4486 367 4551 biania
389 4486 428 4545 ad
447 4486 543 4559 viam,
564 4504 641 4563 quae
663 4506 681 4544 a
702 4486 768 4545 soro
791 4485 830 4543 ad
851 4486 1101 4562 amphitheatrum
1123 4485 1266 4555 ducebat,
1289 4484 1336 4542 die
1359 4482 1397 4542 23
1422 4482 1555 4559 Septem·

250 4590 330 4653 brie
351 4588 423 4647 anni
446 4588 538 4661 1854,
559 4582 638 4647 n'nnc
658 4588 690 4645 in
711 4604 815 4646 museo
836 4586 1051 4663 Neapolitan03
1074 4587 1157 4646 cuius
1180 4587 1210 4643 in
1232 4586 1329 4644 fronte
1350 4585 1459 4643 litteris
1480 4588 1555 4643 hene

249 4690 372 4753 incisis
393 4688 506 4769 legitur
525 4690 645 4749 titulus:

523 4878 741 4997 saratinus
757 4937 765 4952 .
780 4905 837 4996 mr
862 4879 1048 4997 kvalsstur
1063 4934 1071 4951 .
1088 4878 1249 4953 eltiuvad

498 5038 719 5117 multasssrad
744 5038 997 5113 krimbenniels
1013 5095 1021 5110 .
1036 5036 1234 5155 tarigihrud)

774 5196 1003 5273 acmanaffed
