3458 6292
519 515 676 578 stusv.
696 516 915 567 ouousvon.
936 519 960 568 1.
1355 499 1402 568 29

73 689 187 747 nullum
211 708 339 765 uuquam
363 689 533 766 exemplum
556 689 688 766 repperi3
712 688 876 746 Turannius
898 699 943 747 ter
964 690 1107 765 scriptum
1131 699 1177 747 est
1198 691 1228 747 iu
1251 690 1337 748 titulo
1360 711 1407 749 ur-

73 792 151 850 bano
174 791 252 866 apud
269 791 454 850 Fabrettiam
477 812 505 868 p.
522 790 593 862 386,
609 790 669 849 227
692 791 822 867 itemque
844 792 875 849 in
897 790 984 849 titulo
1006 791 1186 850 christianae
1202 792 1309 850 aetatis
1325 793 1405 871 apud

72 895 199 952 eundem
221 913 251 970 p.
268 893 338 966 386,
354 892 425 964 324,
451 892 599 951 Tarannia
620 893 666 951 bis
688 893 768 969 apud
789 893 986 952 Muratorium
1008 912 1037 969 p.
1056 892 1179 964 1282,6
1202 895 1233 952 in
1255 895 1344 953 titulo
1367 914 1405 952 ex

73 995 191 1054 schedis
207 996 348 1055 Accursii
370 995 539 1071 desumpto,
562 1014 640 1071 quae
661 996 758 1054 bonae
779 994 846 1053 fidei
870 1003 949 1053 aaut.
987 992 1048 1055 Sed
1069 1003 1170 1071 potest
1191 997 1222 1053 in
1244 997 1292 1054 his
1306 1016 1406 1055 exem-

73 1098 132 1174 plis
156 1107 207 1155 aut
229 1105 358 1156 erratum
381 1115 449 1156 esse
471 1117 489 1155 a
510 1097 647 1175 lapicidis
670 1097 942 1174 descriptoribusve
963 1107 1017 1154 aut
1033 1097 1199 1156 derivatum
1215 1117 1283 1158 esse
1298 1118 1406 1158 nomen

73 1219 141 1258 cum
167 1219 261 1278 pravo
289 1200 441 1258 doctrinae
469 1199 569 1258 studio
596 1219 615 1258 a
640 1190 771 1282 rdpnvvoe
793 1197 910 1258 Graeco
936 1199 1095 1258 vocabulo.
1140 1198 1289 1278 Compara
1309 1201 1406 1260 Verrii

73 1302 176 1360 Flacci
205 1302 435 1379 explicationem
462 1302 594 1360 aFesto
621 1322 649 1380 p.
667 1302 737 1373 355,
756 1302 792 1360 15
821 1313 984 1360 servatum:
1017 1302 1166 1360 Tarannon
1188 1303 1326 1361 Etruscas
1352 1323 1405 1379 ap·

69 1405 178 1480 pellani
199 1406 297 1463 solitos
319 1409 360 1463 ait
378 1385 494 1464 Vesvius
517 1424 537 1462 a
555 1405 700 1463 liarrleno
723 1405 792 1463 duce
811 1403 970 1480 Lydorum,
993 1423 1012 1461 a
1034 1408 1115 1463 cuias
1135 1409 1227 1480 pantio
1245 1409 1406 1482 praecipua

72 1509 240 1565 erudelitate
262 1511 346 1566 eliam
368 1519 505 1584 tyrannas
527 1506 667 1583 dictam).

154 1609 321 1667 Adiectivis
348 1609 528 1668 formatione
554 1609 690 1684 aequalis
717 1615 764 1667 cst
788 1607 933 1666 similisve
955 1626 1064 1684 magna
1082 1610 1295 1686 cognominum
1318 1629 1404 1687 pars;

71 1730 166 1787 neque
194 1712 302 1770 desunt
328 1712 507 1788 cognomina
533 1711 564 1768 in
585 1729 658 1769 anus
680 1711 818 1769 formata.
861 1711 967 1786 ltaque
994 1711 1030 1769 dc
1052 1711 1220 1769 nominibus
1243 1712 1404 1790 gentiliciis

69 1813 100 1871 in
121 1831 195 1872 anas
222 1815 396 1890 quaesituro
423 1824 484 1882 tam
512 1812 689 1890 cognomina
714 1811 744 1869 in
767 1831 841 1870 anas
868 1831 957 1889 quam
979 1813 1131 1891 gentilicia
1151 1815 1181 1872 in
1204 1818 1288 1873 anias
1310 1814 1404 1892 respi-

70 1915 177 1974 cienda
203 1925 281 1974 sunt.
325 1914 395 1975 Non
422 1916 488 1974 dico
514 1916 546 1973 in
568 1918 652 1972 anias
674 1914 827 1992 gentilicia
849 1915 983 1973 derivata
1005 1933 1072 1974 esse
1096 1916 1197 1974 omnia
1218 1935 1257 1973 ex
1279 1916 1403 1975 nomini-

70 2019 126 2076 bus
153 2028 204 2076 aut
230 2018 458 2094 cognominibus
485 2019 517 2077 in
543 2036 630 2088 anam
661 2016 713 2074 scd
739 2016 863 2075 redeunt
888 2017 919 2076 in
945 2035 1007 2076 uno
1034 2035 1153 2094 quoque
1174 2018 1263 2076 trium
1285 2018 1404 2077 illorum

71 2137 211 2194 generum
238 2121 354 2178 radices
382 2120 502 2177 eaedem
530 2119 692 2178 similesve.
737 2116 813 2177 Cam
836 2138 908 2176 vero
932 2137 986 2195 per
1008 2136 1040 2176 ee
1062 2119 1215 2195 probabile
1237 2120 1277 2177 sit
1297 2121 1328 2178 in
1350 2141 1404 2179 no·

72 2221 201 2279 minibus
231 2222 367 2280 similitor
395 2231 483 2297 atque
513 2222 543 2279 in
572 2220 762 2298 appellativis
792 2240 830 2277 an
859 2221 1003 2278 suffixum
1032 2221 1175 2297 originem
1204 2221 1341 2293 localem,
1370 2233 1404 2281 at

71 2323 201 2381 breviter
223 2322 330 2395 dicam,
352 2323 512 2394 indicasse,
535 2341 572 2381 ea
593 2331 708 2380 tantum
731 2340 769 2379 ex
791 2321 1019 2397 cognominibus
1040 2323 1070 2379 in
1092 2342 1166 2381 anas
1187 2323 1404 2400 gentiliciisqae

68 2426 99 2482 in
122 2430 206 2484 anias
233 2426 282 2484 hic
303 2426 516 2497 considerabo,
543 2442 619 2501 qaae
640 2431 721 2482 certo
743 2423 977 2501 probabiliterve
999 2424 1038 2482 ad
1060 2424 1125 2482 eius
1147 2426 1265 2500 generis
1287 2424 1404 2484 radices

70 2538 196 2602 possunt
217 2527 330 2586 referri.

153 2629 247 2688 Aliud
268 2630 346 2688 enim
371 2637 526 2705 praeterea
546 2635 631 2688 extat
652 2628 860 2707 cognominum
882 2627 1024 2704 frequens
1040 2628 1291 2687 adiectivorumve
1307 2647 1402 2706 genus

71 2729 153 2804 (nam
182 2741 339 2807 utrumqne
367 2733 463 2790 dicere
490 2730 606 2809 possis)
634 2731 665 2789 in
692 2749 765 2789 anas
791 2729 1001 2802 formatorum,
1029 2748 1106 2806 qnae
1133 2731 1278 2807 originem
1299 2751 1359 2789 non
1386 2751 1404 2791 a

67 2833 157 2903 locis,
185 2834 238 2892 sed
265 2834 303 2892 ab
328 2833 497 2892 hominibus
525 2842 690 2892 traxerunt.
736 2830 794 2905 Qui
822 2851 859 2889 ex
886 2849 941 2890 sua
966 2841 1053 2908 gente
1080 2850 1134 2907 per
1160 2833 1350 2911 adoptionem
1372 2835 1403 2892 in

69 2936 159 2993 aliam
181 2936 371 3006 transierunt,
394 2953 446 2994 eos
466 2935 577 3012 prioris
598 2935 696 3013 gentis
719 2933 931 2993 indicationem
953 2934 1122 2993 servavisse
1143 2944 1246 2994 notum
1268 2943 1316 2995 est
1334 2953 1403 3012 cog·

68 3037 240 3096 nominibus
263 3057 302 3095 ex
323 3038 421 3115 gentis
443 3037 602 3113 primariae
624 3038 743 3095 nomine
765 3056 820 3113 per
838 3055 911 3094 anae
927 3035 1068 3094 suffixum
1083 3037 1234 3109 sarmatia,
1257 3030 1403 3097 utPuulli

67 3139 192 3197 Aemilii
219 3140 300 3199 filius
326 3140 423 3199 dietus
451 3147 497 3199 est
518 3136 621 3215 Scipio
643 3137 840 3197 Aemilianus.
883 3137 952 3198 Hoc
973 3149 1073 3197 utrum
1096 3142 1265 3199 necessario
1287 3159 1404 3218 semper

67 3241 111 3299 ita
132 3242 300 3301 institutum
322 3243 413 3301 suerit
434 3260 527 3300 necne
548 3241 597 3299 hic
619 3259 679 3299 non
701 3259 786 3314 curo;
814 3248 926 3300 certum
949 3249 1048 3299 autem
1071 3250 1118 3300 est
1139 3242 1316 3319 cognomina
1337 3243 1402 3301 eius

69 3344 186 3419 generis
209 3345 345 3403 extitisse
368 3362 427 3402 non
449 3362 553 3419 pauca,
576 3354 606 3402 et
628 3342 666 3401 ab
687 3345 753 3403 eius
774 3344 886 3403 formae
904 3344 1132 3420 cognominibus
1148 3344 1237 3402 etiam
1252 3344 1403 3422 gentilicia

68 3444 189 3504 formari
214 3446 350 3524 potuisse
376 3448 407 3505 in
433 3451 526 3505 anias.
570 3446 713 3505 Pariliter
734 3446 814 3505 servi
835 3445 948 3521 publici
971 3445 1024 3522 (ut
1045 3446 1286 3504 Mommsenus
1309 3464 1402 3522 expo·

70 3549 130 3605 suit
151 3549 220 3606 rdm.
237 3549 446 3608 Staatsreclvtl
472 3568 500 3625 p.
519 3545 593 3622 252)
617 3548 755 3625 servique
776 3547 929 3620 nobilium,
952 3548 1048 3624 quiin
1064 3548 1152 3607 aliam
1169 3549 1402 3607 domumtrans·

67 3649 166 3708 ierunt
186 3651 350 3710 hereditate
364 3650 414 3710 iel
429 3650 489 3708 alio
503 3650 594 3708 modo
617 3649 663 3727 (ut
685 3661 776 3727 empta
795 3649 1005 3709 Germanianac
1020 3650 1071 3708 ille
1092 3648 1126 3710 C.
1143 3650 1168 3708 I.
1184 3650 1219 3709 L.
1236 3649 1278 3721 ll,
1295 3648 1410 3726 2641),

67 3752 178 3827 prioris
204 3752 316 3812 domiui
343 3772 451 3811 nomen
479 3761 675 3811 servaverunt
701 3752 810 3810 additis
836 3751 992 3812 adiectivis
1018 3753 1050 3811 in
1072 3771 1145 3812 anna
1166 3752 1301 3811 formatis
1328 3750 1403 3828 (qua

68 3853 104 3911 de
128 3875 159 3914 re
174 3856 378 3914 Mommsenus
402 3855 479 3914 dixit
492 3852 658 3913 Hermaei
681 3872 710 3930 p.
728 3854 786 3912 157
794 3853 845 3930 a).
883 3853 933 3915 Sic
954 3873 1058 3914 servos
1079 3855 1242 3914 libertosve
1264 3854 1401 3912 novimus

68 3956 211 4015 Aetaaaas
232 3958 430 4034 Aprippianoa
450 3955 608 4015 Galbianos
627 3955 860 4016 Maecenatianos
876 3957 1043 4016 Drusianae
1066 3956 1301 4017 Germanicianoa
1319 3955 1400 4013 Dra-

67 4059 201 4118 sillianaa
226 4059 463 4119 Claudiam'anas¹
477 4057 681 4118 Pallantianos
703 4057 941 4136 Poppaeana).
986 4059 1145 4118 Postremo
1174 4057 1329 4117 sollemnis
1355 4066 1402 4116 est

67 4179 140 4220 anas
162 4162 330 4221 terminatio
352 4163 383 4220 in
404 4180 544 4239 agrorum
567 4179 739 4239 camporum
755 4161 912 4220 fundorum
927 4163 1081 4220 hortorum
1095 4159 1285 4238 praediorum
1300 4159 1401 4217 vinea-

66 4282 131 4322 rum
155 4263 293 4324 villarum
313 4264 493 4323 rusticarum
515 4263 687 4322 nominibus
709 4282 727 4322 a
749 4263 880 4322 dominis
900 4264 1057 4333 derivatim
1079 4269 1197 4338 praeter
1211 4261 1330 4320 tabulas
1345 4261 1401 4319 ali·

67 4366 240 4440 memorias,
261 4384 336 4442 quas
356 4367 510 4438 habemus,
532 4365 710 4425 Mommseni
732 4364 771 4423 ad
792 4365 1004 4442 inscriptiones
1023 4363 1240 4441 Neapolitanas
1263 4361 1308 4440 (p.
1324 4362 1400 4438 463)

66 4475 97 4524 et
124 4466 259 4528 Heuzeni
294 4468 332 4526 ad
366 4468 505 4546 syllogen
534 4465 717 4527 Orellianam
750 4466 796 4542 (p.
820 4465 878 4542 22)
912 4467 1026 4526 indices
1058 4466 1153 4524 multa
1184 4466 1249 4523 eius
1281 4458 1400 4543 generis

66 4571 208 4648 exempla
227 4572 381 4649 praebent.

150 4671 234 4731 Ilaec
263 4673 299 4731 de
327 4672 436 4749 quibus
464 4671 569 4730 ultimo
598 4672 664 4731 loco
693 4671 757 4731 dixi
785 4689 896 4748 genera
921 4669 953 4728 id
982 4688 1138 4730 commuue
1164 4669 1290 4742 habent,
1319 4669 1400 4747 quod

67 4793 133 4832 cum
161 4794 179 4832 a
204 4775 375 4834 nominibus
402 4774 562 4851 gentiliciis
589 4775 621 4832 in
647 4778 692 4834 ias
718 4772 886 4833 terminatis
913 4772 1048 4832 derivata
1070 4774 1131 4832 sint
1151 4772 1239 4849 longe
1259 4771 1399 4848 plurima,

143 5021 167 5084 ¹)
194 5023 236 5074 De
250 5024 377 5076 Oscorum
396 4983 558 5074 damnandis
576 5024 603 5074 in
621 5023 777 5073 Mommseni
797 5022 858 5072 dial.
879 5023 911 5073 It.
930 5021 977 5072 inf.
997 5038 1022 5087 p.
1038 5021 1090 5072 225
1110 5021 1218 5072 fortasse
1238 5021 1314 5071 aliter
1332 5020 1398 5071 iadi-

66 5115 188 5166 candum.

146 5205 171 5270 ²)
199 5208 240 5259 Cf.
260 5208 341 5261 Orelli
361 5210 472 5261 nastes.
492 5209 601 5260 Henzen
620 5208 700 5260 6255.
721 5209 803 5260 6351.
