3458 6292
487 1931 998 2083 OBSERVATIONES
1036 1931 1512 2047 EPIGRAPHIOAE.

382 2398 488 2458 XVII.
531 2398 669 2461 REGES
698 2398 918 2459 THRAOIAE
945 2399 1052 2461 INDE
1077 2400 1106 2458 Α
1128 2397 1323 2460 CAESARE
1349 2395 1611 2457 DIOTATORE.

331 2577 490 2741 Regum
516 2663 663 2723 Thraciae
689 2665 740 2741 qui
766 2665 886 2724 fuerunt
911 2672 1008 2723 aetate
1034 2664 1173 2723 Romana
1199 2661 1333 2721 ordinem
1361 2680 1428 2719 cum
1457 2661 1576 2719 decreta
1603 2659 1666 2716 duo

330 2762 548 2841 Cyzicenorum
575 2768 606 2825 in
631 2768 776 2826 honorem
798 2767 948 2825 Antoniae
970 2765 1171 2844 Tryphaenae
1192 2763 1367 2823 Polemonis
1389 2763 1469 2822 filiae
1496 2781 1577 2820 nora
1596 2760 1665 2819 luce

328 2867 508 2928 illustrarint
534 2887 630 2946 nuper
656 2870 693 2928 ab
717 2870 845 2928 Ernesto
868 2867 973 2928 Curtio
999 2869 1031 2927 in
1057 2869 1132 2926 actis
1159 2868 1326 2926 minoribus
1352 2865 1523 2925 academiae
1543 2864 1665 2923 Beroli·

328 2971 431 3029 nensis
445 2971 474 3047 ¹)
496 2971 624 3049 primum
647 2972 735 3046 edita,
758 2970 883 3031 Curtius
906 2981 1005 3030 autem
1027 2971 1063 3030 de
1078 2970 1206 3030 decretis
1227 2971 1265 3028 iis
1287 2978 1490 3028 commentans
1511 2967 1664 3043 reliquum

328 3090 431 3132 eorum
454 3083 660 3150 argumentum
683 3076 779 3152 magis
802 3093 891 3151 quam
912 3093 961 3133 res
978 3073 1142 3133 Thracicas
1163 3079 1339 3151 persecutus
1361 3073 1410 3144 sit,
1432 3072 1546 3150 regiam
1564 3069 1663 3128 Tbrn·

328 3192 394 3233 cum
417 3176 585 3252 dynastiam
601 3198 620 3236 a
634 3175 765 3236 Caesare
785 3178 855 3236 inde
877 3176 1031 3254 explicare
1052 3176 1083 3235 in
1105 3175 1204 3235 animo
1226 3185 1281 3234 est
1296 3209 1338 3218 —
1353 3174 1484 3234 Thracia
1505 3193 1565 3250 quo
1586 3183 1663 3232 tem·

327 3296 399 3352 pore
414 3278 524 3337 bellum
539 3280 617 3340 inter
632 3279 793 3340 Caesarem
809 3288 838 3338 et
852 3279 1027 3356 Pompeium
1043 3280 1158 3338 exarsit
1178 3296 1359 3354 quamquam
1380 3277 1516 3355 pluribus
1537 3277 1662 3352 regibus

326 3380 435 3456 paruit,
459 3380 647 3460 Odrysarum
669 3401 755 3460 reges
777 3383 815 3441 ab
829 3380 925 3441 Hebri
947 3382 1031 3440 fluvii
1052 3381 1140 3441 ostiis
1162 3381 1201 3439 ad
1217 3379 1367 3457 Odessum
1383 3399 1483 3458 ‘usque
1506 3378 1662 3437 dominan-

326 3480 411 3558 tes²)
434 3484 477 3543 ita
498 3503 588 3561 super
609 3486 742 3563 reliquos
764 3485 942 3557 eminebant,
964 3493 998 3543 ut
1018 3485 1177 3543 universae
1191 3483 1341 3542 Thraciae
1361 3500 1502 3562 praeesse
1526 3482 1661 3541 videren-

326 3579 428 3662 tur³)‚
454 3606 510 3647 nec
532 3588 660 3647 dubitari
683 3596 783 3665 potest
804 3587 835 3647 id
856 3587 954 3665 ipsum
976 3605 1042 3647 esse
1062 3604 1188 3664 regnum
1211 3586 1358 3644 Thraciae
1380 3604 1407 3645 a.
1424 3586 1462 3644 46
1486 3604 1515 3662 p.
1533 3583 1606 3644 Ohr.
1630 3587 1663 3644 in

326 3689 497 3764 provinciae
518 3690 644 3750 sormam
667 3685 889 3750 commutatum.
923 3689 1003 3749 Nam
1025 3690 1106 3749 bello
1128 3709 1155 3748 a.
1173 3708 1201 3747 u.
1217 3708 1241 3748 c.
1258 3687 1329 3760 725,
1351 3707 1412 3766 quo
1433 3689 1564 3748 maxime
1587 3687 1662 3746 dex·

325 3798 372 3849 tra
392 3791 460 3868 ripa
480 3792 615 3852 Danuvii
636 3793 787 3854 inferioris
808 3793 1013 3852 Romanorum
1037 3792 1118 3852 sacta
1139 3809 1206 3852 esse
1226 3791 1345 3850 videtur
1365 3790 1482 3850 Moesia
1502 3789 1663 3867 provincia

325 3894 497 3967 constituta,
518 3916 537 3954 a
551 3896 625 3954 solis
640 3895 770 3973 Odrysis
786 3893 916 3960 Crassus
939 3895 1084 3955 abstinuit
1104 3895 1202 3972 iisque
1224 3895 1299 3955 adeo
1319 3894 1384 3974 agri
1400 3893 1504 3953 Bessis
1527 3891 1662 3970 adempti

324 4005 441 4070 partem
463 3999 649 4075 attribuit4).
686 3998 776 4073 Quod
797 3999 876 4058 iufra
897 3998 1056 4076 apparebit
1076 3999 1176 4058 sedem
1199 4016 1252 4057 eos
1273 4015 1360 4075 reges
1381 3996 1522 4055 habuisse
1544 4015 1607 4055 non
1630 3997 1662 4055 in

323 4098 446 4176 regione
468 4099 665 4178 Odrysarum,
688 4103 742 4160 sed
763 4102 795 4160 in
816 4102 909 4179 Bizye
925 4101 997 4160 urbe
1019 4101 1102 4178 regia
1123 4100 1273 4177 quondam
1289 4094 1489 4175 Asturum⁸);
1512 4098 1583 4157 item
1607 4120 1662 4159 na-

327 4201 408 4260 tione
430 4221 483 4263 eos
506 4223 603 4282 neque
625 4204 755 4282 Odrysis
777 4205 968 4264 adnumerari
988 4222 1085 4281 neque
1102 4205 1199 4278 Astis,
1223 4204 1276 4264 sed
1298 4202 1437 4262 diversae
1457 4188 1540 4279 genti
1561 4202 1663 4263 Thra-

323 4368 527 4383 ——

400 4479 424 4546 ¹)
448 4485 484 4536 Α.
499 4486 571 4536 1874
589 4487 644 4550 p.l
665 4500 719 4551 seq.
757 4484 918 4551 Apographa
941 4492 968 4536 et
989 4492 1093 4551 ectypa,
1118 4487 1210 4551 quibus
1233 4488 1288 4552 ipse
1313 4503 1374 4537 usus
1398 4493 1450 4548 est,
1480 4499 1529 4550 ego
1551 4499 1660 4550 quoque

321 4572 447 4626 beneficio
471 4578 526 4628 eius
551 4579 666 4643 inspexi,
695 4592 778 4643 neque
805 4585 891 4629 tamen
915 4579 1053 4645 quicquam
1076 4581 1177 4646 repperi
1203 4581 1273 4645 quod
1292 4581 1399 4630 editioni
1424 4586 1543 4628 accurate
1570 4578 1660 4628 factae

321 4667 474 4721 adiceretur.

398 4759 424 4825 ²)
449 4763 543 4816 Strabo
565 4766 579 4814 7
599 4764 631 4814 fr.
647 4765 691 4815 48.

398 4851 423 4917 ³)
447 4857 489 4907 Ita
502 4857 582 4922 Cotys
600 4857 623 4907 is
643 4855 733 4922 quiin
752 4855 820 4906 bello
832 4855 938 4906 Persico
959 4863 1050 4907 contra
1062 4856 1194 4908 Romanos
1214 4872 1286 4908 arma
1305 4856 1363 4907 tulit
1374 4858 1449 4908 Livio
1463 4856 1558 4907 dicitur
1575 4859 1659 4909 modo

324 4943 480 5013 Odrysarum
498 4965 544 4999 rex
563 4951 607 5011 42,
623 4951 666 5010 29,
683 4951 725 5010 12,
745 4950 826 5011 abl,
842 4951 885 5010 10,
905 4949 984 5000 modo
1002 4965 1048 5000 rex
1071 4948 1196 5001 Thracum
1214 4951 1259 5012 45,
1274 4952 1318 5001 42.

395 5038 421 5103 ⁴)
446 5040 500 5092 Dio
516 5042 560 5104 51,
576 5042 618 5092 15.
647 5041 756 5092 Praesea
768 5042 939 5092 Macedoniae
957 5058 982 5092 a.
994 5043 1046 5093 732
1067 5043 1200 5105 iudicium,
1221 5044 1363 5094 maiestatis
1377 5044 1478 5108 opinor,
1499 5042 1580 5093 subiit
1594 5060 1658 5109 pro-

318 5141 376 5197 pter
394 5132 489 5183 beilum
509 5132 617 5199 Odrysis
636 5149 684 5183 sua
702 5141 793 5198 sponte
813 5134 913 5184 illatum
933 5133 998 5196 (Dio
1018 5136 1062 5199 54,
1085 5139 1120 5199 3).
1155 5123 1161 5138 ’

395 5223 419 5286 ⁵)
444 5226 486 5275 De
504 5240 536 5275 ea
554 5241 582 5276 re
601 5227 768 5291 exposuimus
786 5227 856 5278 iutra
875 5244 900 5291 p.
916 5227 978 5278 252.
