3682 5964
632 607 742 658 nasus
767 608 849 658 nnn.
877 607 1003 658 rmum.
1435 587 1482 656 95

750 709 845 716 -.-.
852 710 971 716 —..-
979 708 1070 716 --—

154 779 234 836 nime
261 785 375 854 potest:
403 797 455 836 eos
484 779 632 837 consulari
658 783 774 854 imperio
804 780 910 854 lepidus
937 779 1097 837 scribundis
1118 780 1216 853 suctos
1239 779 1391 855 capitolini
1416 779 1484 836 fasti

155 889 315 938 testantur.
357 881 393 938 In
416 881 482 956 ipso
505 899 624 956 quoque
646 881 786 940 feriarum
809 882 965 940 latinarum
989 881 1124 954 frustulo,
1147 882 1230 939 cuius
1253 897 1386 938 summae
1407 880 1486 938 litte·

154 1002 205 1040 rae
229 983 260 1040 in
280 981 499 1041 decemuiratus
523 994 640 1059 tempus
662 984 767 1042 cadere
784 983 968 1054 videbantur,
991 981 1153 1040 llenzenus
1176 983 1367 1059 suppleverat
1381 984 1485 1040 deneu-

155 1087 227 1142 riris
250 1086 400 1142 consulatu
423 1095 569 1144 rotesrutc.
605 1083 706 1158 Quare
729 1086 915 1161 propositum
938 1085 1136 1160 fragmentum
1158 1104 1222 1142 cum
1238 1085 1384 1142 fastorum
1408 1085 1485 1142 serie

155 1185 237 1244 nullo
252 1185 410 1244 videbatur
432 1204 522 1263 posse
544 1195 631 1264 pacto
655 1188 804 1263 componi.
838 1186 883 1246 Rc
899 1207 970 1245 vero
993 1187 1130 1245 subtilius
1153 1206 1311 1262 perpensa,
1334 1195 1397 1244 tota
1417 1207 1485 1244 eva-

153 1299 256 1346 nescet
278 1287 450 1346 difficultas.
484 1288 618 1348 Litterae
639 1306 774 1348 rsrnv...
798 1299 842 1347 ter
863 1289 1006 1364 repetitae
1028 1289 1151 1347 alterum
1171 1289 1303 1347 efficiunt
1318 1289 1485 1346 columnam

153 1390 191 1446 ab
205 1409 253 1460 ea,
267 1408 346 1466 quae
361 1390 546 1449 decemviros
560 1391 676 1468 legibus
692 1392 856 1449 scribendis
873 1391 1005 1462 exhibet,
1028 1390 1181 1450 interiecto
1198 1391 1295 1468 spatio
1311 1392 1483 1449 seiunctam.

153 1490 220 1550 lllis
242 1491 334 1567 igitur
348 1493 445 1564 annis,
467 1495 577 1569 quibus
600 1493 711 1552 tribuni
734 1493 862 1552 militum
878 1493 1016 1568 eponymi
1039 1491 1170 1563 fuerunt,
1193 1493 1287 1550 altera
1303 1493 1390 1550 huius
1406 1492 1484 1569 frag·

154 1594 246 1652 menti
268 1595 409 1652 columna
435 1605 482 1653 est
503 1595 701 1654 restituenda:
731 1597 814 1673 prior
836 1595 1019 1653 decemviros
1045 1594 1160 1670 legibus
1188 1594 1352 1652 scribendis
1382 1595 1483 1652 offert:

155 1703 282 1771 utraque
319 1715 484 1773 eponymos
522 1697 577 1754 hos
615 1707 703 1756 extra
740 1699 874 1756 ordinem
914 1707 1029 1755 creatos
1067 1695 1132 1754 solo
1172 1697 1364 1772 magistratus
1397 1715 1484 1753 voca·

155 1797 226 1856 bulo
258 1797 384 1869 indicat,
418 1799 602 1876 singulorum
634 1799 802 1858 nominibus
835 1799 995 1874 (quoniam
1029 1798 1118 1856 nimis
1151 1798 1273 1874 prolixa
1301 1817 1403 1856 eorum
1438 1817 1484 1856 sc·

153 1901 213 1958 ries
236 1900 314 1976 erat)
341 1901 494 1959 brevitatis
523 1902 620 1976 gratia
646 1902 828 1979 suppressis.
873 1898 1048 1978 Superiores
1074 1900 1198 1960 maioris
1226 1899 1338 1958 moduli
1367 1901 1484 1959 litterae

153 2001 192 2060 ad
220 2002 484 2080 praescriptionem
515 2003 664 2078 pertinent
690 2021 783 2080 supra
809 2020 913 2062 omues
936 2003 1042 2060 horum
1068 2002 1214 2062 fastorum
1238 2002 1392 2061 columnas
1419 2021 1484 2078 pcr-

154 2112 245 2180 petuo
268 2103 358 2162 ductu
381 2105 594 2164 continuatum.

237 2205 314 2264 Rem
340 2206 384 2264 ita
409 2225 477 2266 esse
510 2207 585 2266 felix
614 2217 733 2283 practer
761 2224 844 2285 spem
872 2208 1004 2266 inventio
1033 2208 1197 2266 confirmat.
1241 2205 1322 2266 Nam
1349 2216 1481 2266 veterum

153 2325 299 2366 saxorum
322 2309 352 2366 in
375 2308 474 2367 albani
498 2311 608 2368 montis
636 2308 787 2366 cacumine
815 2327 907 2384 supra
933 2320 1042 2368 terram
1064 2310 1222 2366 iacentium
1245 2309 1380 2386 diligenti
1402 2309 1483 2368 facta

153 2411 374 2485 conquisitione
396 2430 460 2468 cam
484 2419 598 2486 partem
617 2411 774 2481 fastorum,
796 2430 872 2486 qnae
887 2412 1103 2471 decemviratus
1120 2412 1270 2470 biennium
1292 2421 1323 2470 et
1344 2412 1482 2486 proxime

154 2521 331 2587 sequentem
357 2530 467 2570 annum
496 2513 555 2572 305
585 2513 806 2589 complectitur,
840 2523 932 2572 totam
966 2514 1027 2572 fere
1056 2515 1238 2590 recuperavi.
1289 2513 1366 2572 Ecce
1399 2513 1483 2572 illam

153 2623 296 2690 quattuor
317 2615 494 2691 compositis
515 2615 691 2690 fragmentis
712 2634 807 2692 paene
829 2617 859 2674 iu
881 2616 1029 2692 integrum
1051 2616 1226 2675 restitutum.

151 3197 256 3256 asos
376 3197 570 3262 x·V1R
542 3149 821 3320 lupulus
796 3189 987 3264 lBENDlS
1087 3204 1245 3266 Tuan
1360 3219 1472 3268 mutam
1556 3159 1564 3172 ·

152 3383 179 3421 u.
197 3363 259 3422 304
377 3345 564 3490 X·VIRlS
596 3342 840 3496 LENONJN
780 3349 998 3415 scribfflls
1109 3296 1296 3443 TRIRulaifr
1339 3313 1475 3498 milc'tlipi

152 3521 180 3560 a.
197 3502 260 3561 305
379 3507 660 3577 ΜΗΟΒΑΤΙΟ·
664 3517 774 3580 Mfl'·
798 3543 834 3578 -·η
882 3527 940 3579 fu
947 3529 961 3569 «-“
1119 3458 1367 3588 TRlBlslm
1347 3483 1478 3587 mclifstm

151 4031 179 4070 a.
198 4009 258 4070 306
373 4026 455 4083 zm
509 4049 518 4066 .

281 4187 306 4224 η
377 4161 391 4218 f
414 4169 582 4233 ‚verqim'o
633 4190 655 4206 ··
677 4173 710 4230 ,r-
728 4185 775 4220 nu·
788 4169 899 4222 tricosto
912 4185 952 4222 eor

513 4325 532 4380 ι.
548 4324 576 4400 s.

808 4463 837 4520 4.

150 4668 337 4746 Fragmenta
362 4668 388 4736 1,
411 4665 428 4723 2
460 4675 617 4724 servantur
641 4665 674 4724 in
702 4665 847 4724 coenobio
868 4666 979 4726 montis
1001 4665 1118 4737 albani3
1148 4665 1224 4724 illud
1251 4665 1330 4724 haud
1356 4667 1399 4726 ita
1425 4667 1484 4742 pri·

151 4770 238 4842 dem,
262 4776 294 4826 ut
315 4767 394 4842 dixi,
417 4777 582 4846 repertum,
606 4767 662 4825 hoc
684 4787 763 4826 anno
788 4768 881 4827 1869:
911 4769 941 4839 3,
962 4769 980 4825 4
1003 4767 1132 4826 Romam
1155 4768 1280 4826 advecta
1301 4789 1379 4828 anno
1405 4769 1483 4828 1870

151 4879 273 4950 egomet
288 4869 347 4928 vidi
369 4871 400 4928 in
421 4869 538 4930 horreis
560 4870 765 4947 praefecturae
787 4889 912 4947 opernm
935 4869 1133 4946 publicorum.
1167 4868 1256 4930 Nunc
1279 4871 1295 4928 3
1318 4872 1483 4947 repositum

151 4983 201 5032 est
223 4973 253 5031 in
275 4971 433 5044 Palatin03
457 4973 476 5030 4
497 4971 587 5048 periit
608 4981 661 5031 ant
681 4972 763 5032 latet.

237 5073 275 5131 V.
294 5076 387 5134 1-3.
421 5075 546 5151 Apicum
569 5073 686 5133 litterae
708 5075 738 5133 in
760 5075 860 5150 priore
875 5074 1006 5134 editione
1021 5073 1199 5150 neglectum,
1222 5092 1340 5134 summa
1354 5076 1485 5134 fractura

152 5175 315 5254 diligenter
330 5178 476 5254 inspecta,
498 5194 591 5254 supra
612 5176 760 5254 syllabam
775 5193 835 5236 rvu
853 5175 1042 5254 deprehendi.
1075 5175 1279 5254 Praescriptio
1293 5177 1382 5254 igitur
1395 5177 1484 5236 fastu·

151 5297 220 5336 rum
243 5296 303 5336 non
322 5278 420 5338 miuus
434 5287 496 5338 tres
513 5295 618 5338 uersus
633 5277 756 5352 obtinet,
779 5297 877 5356 neque
892 5287 993 5340 tamen
1014 5277 1130 5354 plures:
1154 5297 1289 5339 summus
1310 5279 1421 5358 quippe
1442 5279 1486 5338 la·
