3458 6292
731 533 1095 586 cunmmnnsnmcn.
1530 513 1574 584 19

247 704 406 765 Niebuhrii
429 725 467 764 ex
488 707 554 764 eod.
577 706 642 765 Pal.
666 708 840 784 apographo
862 724 936 766 usus
959 708 1005 766 ed.
1027 707 1151 766 Boeakh
1174 703 1208 765 C.
1223 707 1249 764 I.
1265 705 1355 765 2173.

331 808 369 867 In
389 809 530 868 Palatino
557 827 664 869 manus
690 811 839 869 recentior
860 810 954 868 verba
980 813 1084 894 Θερμια
1111 817 1141 867 et
1167 799 1276 866 sdano'w
1303 816 1384 867 recta
1404 808 1515 867 lineola
1535 809 1578 868 di·

249 911 364 984 stinxit,
386 929 444 988 quo
466 930 527 970 non
549 922 609 970 tam
623 930 730 972 versus
752 912 838 971 aliter
859 912 1007 973 diuideret
1027 930 1117 990 quam
1139 913 1280 971 maiorem
1299 911 1492 988 intellegendi
1507 911 1578 970 faoi·

248 1012 364 1071 litatem
385 1014 531 1072 redderet.

331 1106 419 1176 Δίτας
441 1135 495 1174 cur
516 1116 588 1174 mihi
611 1128 782 1195 suspectum
805 1118 844 1178 sit
864 1118 944 1177 inira
963 1117 1061 1176 dicam
1084 1116 1123 1175 ad
1144 1136 1172 1175 n.
1188 1115 1308 1175 XXVI.

247 1410 353 1469 XXII.
396 1412 512 1471 Ibidem
532 1411 606 1471 Pao.
650 1412 728 1472 Item
750 1412 787 1472 ad
809 1431 1007 1472 marmoream
1030 1412 1117 1470 busin
1139 1411 1226 1470 iuxta
1245 1410 1377 1470 thermas
1400 1409 1465 1469 Pol.

784 1613 913 1701 ’chz'ba
933 1612 1020 1701 rriqqoe

333 1723 352 1782 ri
379 1715 477 1789 ddum
503 1716 550 1783 nai
572 1722 585 1783 ὃ
608 1720 698 1792 δᾶμος
721 1727 726 1802 Ι
750 1717 913 1790 {verberarer
934 1721 1002 1810 adp.
1027 1726 1032 1803 l
1053 1716 1277 1808 'A[pr]auidwpov
1296 1712 1487 1808 'Apumdaipw
1512 1724 1517 1801 Ι
1540 1725 1582 1782 rui

330 1821 462 1891 ‘Tasurciw
488 1819 688 1907 &plectilem
715 1820 1014 1905 aporrobsqq'Jravra
1037 1828 1042 1905 Ι
1064 1817 1112 1884 nal
1139 1816 1485 1910 παν[α]γυριαρχη’σαντα
1508 1822 1514 1908 l
1537 1824 1580 1883 ἒν-

334 1921 428 2011 δὸξως
449 1919 497 1986 uni
520 1923 708 2008 φιλιοτεῖμως.

250 2139 298 2197 Ex
320 2139 478 2199 Niebuhrii
500 2141 674 2217 apographo
696 2141 742 2199 ed.
764 2141 888 2200 Boeokh
910 2139 986 2201 c.1.
1004 2140 1094 2201 2190.
1131 2141 1168 2199 In
1190 2141 1255 2200 aod.
1278 2139 1344 2199 Pal.
1367 2140 1513 2200 omissum
1534 2148 1581 2200 est

251 2232 362 2316 a’qrr'C-ct
389 2232 490 2318 τύχα,
518 2242 571 2300 sed
597 2242 690 2301 invito
716 2243 854 2315 librario,
882 2243 934 2319 qui
959 2245 1078 2302 titulum
1106 2243 1283 2302 minusculis
1310 2243 1417 2301 iterum
1448 2243 1580 2302 scribens

251 2341 408 2400 formulam
431 2342 554 2401 addidit.
570 2375 611 2387 -ν
630 2337 829 2427 Ἀρτεμίδωρον
850 2355 930 2403 reete
949 2345 1014 2403 eod.
1029 2346 1096 2403 Pal.
1130 2344 1327 2403 Difficultatis
1343 2344 1455 2421 aliquid
1471 2346 1582 2404 habent

252 2463 329 2520 quae
355 2444 514 2503 traduntur
536 2435 717 2528 Ἀρεμῖδωρον
740 2449 767 2501 θ
792 2449 1110 2504 ΤΟΥΤΩΥΜΕΝΑΙΩ.
1155 2443 1241 2519 Quae
1267 2447 1326 2504 nisi
1352 2447 1429 2504 sorte
1457 2448 1580 2523 gravius

251 2555 393 2622 corrupta
415 2547 485 2618 sint,
506 2564 608 2604 verum
624 2547 737 2607 vidisse
751 2547 937 2607 Boeekhium
958 2556 1070 2626 putem,
1093 2549 1144 2624 qui
1166 2549 1219 2604 τοῦ
1239 2547 1358 2606 delevit.
1395 2545 1581 2608 etatulam

250 2647 479 2724 Plriladelphiae
501 2648 580 2726 apud
602 2646 701 2711 Lebaa
722 2649 861 2710 111649:
891 2655 930 2708 Μ.
952 2647 1019 2734 Δῦρ.
1042 2639 1180 2734 Ato'dwpov
1199 2654 1231 2706 fl.
1254 2651 1309 2707 τοῦ
1326 2641 1468 2720 Ἀδμήτου
1491 2639 1582 2734 ἄνδρα

250 2740 423 2818 βουλευτήν.
467 2747 637 2827 Scripserat
662 2752 773 2828 aliquis
794 2753 861 2819 τοῦ,
890 2759 959 2828 post
977 2751 1128 2812 intellecto
1151 2770 1250 2812 errore
1274 2752 1430 2812 subiunxit
1450 2753 1505 2820 rui,
1531 2752 1582 2811 de-

250 2851 312 2910 lere
339 2852 450 2911 oblitus
477 2851 622 2912 vitiosum
646 2853 712 2921 τοῦ,
739 2871 883 2932 errorque
909 2853 977 2913 hina
1004 2855 1035 2912 iu
1061 2853 1121 2912 duo
1147 2872 1223 2930 quae
1248 2863 1384 2914 tenemus
1407 2855 1582 2934 apographa

251 2963 444 3032 propagatus.

251 3242 375 3303 XXIII.
418 3243 543 3303 Ibidem.

333 3453 369 3514 'A
382 3445 482 3521 βᾶλλα
502 3444 551 3511 καὶ
571 3449 585 3511 a‘
609 3447 699 3522 δᾶμος
712 3447 891 3538 Κορνηλιά[ν]
906 3445 1125 3532 Κεθ[η’]γιλλαν
1145 3450 1225 3532 r[al]v
1246 3444 1386 3539 εὐεργέτιν
1406 3457 1460 3516 τοῖς
1474 3445 1581 3524 adhaec,

335 3547 489 3640 θυγατέρα
505 3547 611 3640 Melpum
626 3548 728 3620 Γαβῖω
751 3599 882 3616 .......
906 3546 1073 3614 Γαλλικᾶνω
1095 3549 1220 3615 datarium
1242 3546 1289 3614 nal
1304 3549 1450 3628 Πομπηῖας
1462 3553 1581 3641 Ἀγριπ-

335 3651 500 3736 erotema,
521 3649 696 3716 selinada
719 3646 749 3714 di
764 3648 870 3742 Ma'puw
886 3651 1018 3728 Πομπηῖω
1033 3650 1163 3743 Μακρῖνω
1180 3649 1408 3737 Θεσ[φ]α’νν[ου],
1428 3660 1484 3717 τῶν
1506 3654 1582 3745 εὔερ-

336 3764 425 3837 γετᾶν
446 3750 494 3818 uel
515 3761 635 3818 κτιστᾶν
656 3760 710 3821 τᾶς
730 3750 837 3823 πόλιος.

252 3970 373 4030 Leviter
404 3984 544 4048 corrupta
574 3972 747 4044 emendavi,
781 3977 981 4030 correcturum
1011 3961 1179 4048 Θεοφᾶννου
1206 3972 1285 4031 infra
1312 3973 1505 4048 probaturum
1534 3991 1581 4032 me

252 4092 350 4148 spero.
394 4066 550 4135 παιδόπαις
576 4091 685 4132 novum
707 4073 886 4132 vocabulum
913 4082 974 4147 est,
1002 4081 1082 4133 recte
1108 4080 1208 4133 tamen
1229 4074 1389 4134 formatum
1412 4082 1442 4133 et
1463 4084 1582 4133 senten-

252 4177 312 4235 tiae
334 4175 536 4252 aptissimum.

337 4276 477 4337 Cornelia
499 4276 667 4354 Cethegilla
691 4277 825 4337 familiae
849 4296 910 4336 nou
936 4285 998 4337 tam
1024 4295 1133 4355 genere
1159 4296 1248 4354 quam
1274 4278 1355 4337 fama
1376 4278 1581 4339 nobilissimae

253 4379 369 4438 videtur
391 4381 491 4457 proles
514 4398 591 4439 ease.
635 4379 791 4457 Originem
817 4379 894 4438 enim
917 4380 1026 4455 opinor
1046 4399 1064 4438 a
1085 4380 1270 4457 Theophane
1292 4379 1476 4456 Mytilenaeo
1497 4398 1580 4456 repe-

252 4481 308 4552 tiit,
332 4482 436 4560 Magni
450 4482 576 4561 Pompei
598 4482 694 4541 amieo
715 4501 875 4558 rerumque
896 4480 960 4541 eius
982 4481 1062 4540 haud
1080 4481 1195 4539 sineere
1211 4493 1391 4540 enarratore.
1420 4485 1450 4541 A
1464 4481 1582 4543 fautore

253 4600 307 4641 suo
329 4583 448 4642 civitate
462 4584 600 4643 Romana
620 4584 747 4644 donatus
769 4583 920 4660 quodnam
941 4601 1049 4641 nomen
1071 4583 1270 4660 adsumpserit
1292 4585 1318 4642 si
1333 4584 1513 4660 quaerimus,
1535 4604 1581 4644 re·

253 4684 401 4760 spondere
423 4685 540 4745 videtur
560 4686 654 4745 Iulius
677 4683 865 4763 Capitolinus
891 4685 943 4744 rit.
967 4684 1048 4743 Max.
1071 4693 1101 4744 et
1122 4684 1208 4744 Balb.
1234 4703 1258 4743 o.
1276 4683 1309 4742 7:
1335 4680 1476 4745 ‘familiae
1497 4695 1581 4746 vetu-

253 4786 404 4846 stissimae
430 4796 464 4847 ut
484 4788 550 4866 ipse
571 4787 691 4848 dicebat
711 4786 886 4864 (Balbinus)
907 4807 927 4846 a
946 4786 1045 4846 Balbo
1067 4785 1208 4848 (lornelio
1231 4787 1416 4864 Theophane
1436 4788 1582 4866 originem

252 4886 374 4962 ducens,
401 4890 452 4967 qui
474 4907 529 4966 per
551 4887 607 4950 On.
628 4889 807 4969 Pompeium
829 4888 982 4950 eivitatam
1001 4899 1158 4962 meruerat,
1181 4908 1248 4949 uum
1270 4900 1352 4950 esset
1372 4909 1445 4950 suae
1466 4892 1582 4968 patriae

252 4990 459 5051 nobilissimus
483 4990 624 5069 idemque
651 4990 798 5052 historias
825 4987 972 5069 sariptor.'
1013 4988 1204 5069 Capitolinus
1231 5001 1283 5050 aut
1308 4993 1374 5069 ipse
1401 5011 1477 5070 quae
1498 5011 1581 5052 acoe-

251 5101 338 5169 perat
362 5093 554 5173 neglegenter
580 5092 698 5155 rettulit
721 5100 776 5154 aut
799 5092 923 5155 mnino
946 5098 1019 5153 tuno
1042 5094 1187 5172 temporis
1208 5113 1281 5156 vera
1301 5097 1345 5155 rei
1366 5095 1510 5155 memoria
1530 5095 1580 5154 ob·

485 5218 490 5233 .
1334 5195 1377 5256 2·
