3458 6292
610 568 762 621 cruram
780 571 976 622 arsames.
1440 548 1460 619 3

134 733 160 795 δ’
181 733 237 814 ἐγώ
260 733 349 797 ctdrdc
369 733 481 820 μεταξῦ
498 731 618 823 Μυρίνης
639 732 686 798 καὶ
703 732 800 814 Κύμης
821 742 849 804 ἒς
869 737 906 800 τὰ
928 745 980 800 τοῦ
1000 738 1091 800 αὐτοῦ
1109 732 1288 801 'animone
1309 740 1382 824 {epod
1402 733 1455 824 ipsi

133 863 184 897 σια
210 839 238 897 ἒν
264 843 305 917 xpi
326 832 511 926 despuerpt'mp
533 835 610 918 ὶίθῳ
632 831 683 913 τῆς
703 834 797 914 ardiae
818 837 963 921 μεγῖστοις
984 835 1032 902 καὶ
1054 836 1217 904 auidiorem
1238 833 1387 926 γράμμασι
1410 865 1464 899 πα-

131 945 222 1003 λαιοῖς
247 933 313 1000 τόδε
340 936 503 1028 ἐπίγραμμα
529 931 615 1027 εὗρον.
659 946 766 1023 Itaque
795 949 874 1006 unde
899 947 948 1006 hic
974 964 1049 1005 unus
1076 947 1163 1005 fluxit
1184 946 1305 1018 titulus,
1332 945 1462 1003 indidem

133 1056 211 1104 certe
233 1046 414 1123 reliquorum
438 1065 558 1124 quoque
580 1049 665 1124 origo
687 1051 850 1126 repetenda
868 1063 923 1120 est,
947 1058 977 1108 ct
992 1069 1059 1107 eum
1070 1048 1262 1107 vallicellani
1277 1047 1463 1122 Parianique

133 1149 299 1227 apographi
326 1151 405 1208 idem
432 1149 522 1208 fuerit
543 1150 742 1228 archetypon,
769 1153 947 1212 Mommseni
970 1152 1006 1210 dc
1029 1150 1157 1228 Cyriaco
1180 1158 1299 1209 auctore
1321 1150 1462 1208 iudicium

133 1252 207 1310 satis
229 1253 388 1327 probatum
411 1267 466 1314 est.

215 1353 322 1413 Restat
344 1366 377 1414 ut
399 1358 547 1432 proteram
571 1359 651 1436 quod
674 1360 810 1418 versibus
832 1360 862 1416 in
879 1358 1076 1417 Vallicellano
1099 1365 1237 1416 accurate
1254 1354 1360 1413 divisis
1375 1352 1462 1410 fidem

132 1456 231 1513 saciat.
276 1457 311 1515 In
334 1459 438 1518 eodem
461 1460 545 1519 cuius
567 1460 677 1520 lemma
699 1462 787 1521 modo
809 1460 935 1537 adposui
959 1461 1046 1518 titulo
1068 1459 1112 1517 sic
1135 1459 1289 1518 scribitur:

664 1676 820 1736 Ἀποὶλωνι
842 1652 923 1760 ypipo-

665 1802 827 1863 γρηπηριω
851 1803 859 1834 t

665 1891 826 1967 φιλεταιρος

665 1993 812 2043 artolae.
837 2017 875 2028 —

132 2186 164 2234 ut
185 2184 285 2252 pateat
306 2175 457 2234 librarium
480 2185 640 2254 propterea
661 2177 776 2235 litteras
799 2199 880 2258 yper
903 2177 958 2234 v.l
984 2174 1132 2234 delevisse
1155 2176 1235 2253 quod
1252 2177 1283 2236 in
1299 2179 1461 2254 archetypo

132 2279 232 2336 versui
254 2278 384 2335 secundo
406 2277 523 2336 demum
545 2297 597 2337 eas
612 2279 702 2337 tribui
717 2278 911 2356 intellegeret.
945 2276 1159 2337 Curiosissime
1174 2278 1265 2355 igitur
1279 2279 1356 2337 hanc
1371 2279 1461 2338 officii

132 2381 176 2438 sui
200 2390 313 2456 purtem
336 2389 511 2455 persecutus
534 2392 590 2439 est.
634 2377 756 2453 Quare
779 2381 835 2438 etsi
858 2398 918 2437 non
941 2380 1079 2450 efficitur,
1101 2381 1200 2456 ipsum
1223 2382 1312 2439 etium
1334 2381 1462 2458 quadra-

132 2482 238 2540 tarium
261 2482 305 2539 ita
325 2501 428 2541 versus
453 2482 659 2567 distribuisse,
687 2490 786 2540 tamen
808 2483 846 2540 ad
868 2482 900 2541 id
922 2482 1001 2558 quod
1025 2483 1111 2540 nobis
1134 2503 1188 2560 pro
1210 2483 1374 2561 archetypo
1395 2501 1462 2542 esse

92 2603 95 2610 ·
131 2584 219 2641 debet
244 2584 414 2660 exemplum
442 2585 579 2661 proxime
605 2572 797 2643 accessimus.
841 2583 961 2642 Etenim
988 2604 1055 2643 cum
1082 2585 1141 2662 ipsi
1167 2585 1283 2661 lapides
1311 2585 1462 2662 perierint,

131 2686 161 2743 in
190 2686 294 2744 eadem
320 2686 409 2762 plane
436 2705 529 2745 causa
555 2670 719 2759 versamur,
748 2695 837 2762 atque
863 2686 913 2762 qui
940 2687 1096 2762 scriptoris
1122 2686 1248 2746 alicuius
1270 2688 1378 2760 editor,
1403 2687 1463 2746 nisi

132 2788 180 2846 ubi
203 2789 280 2847 ratio
302 2799 396 2861 vetat,
419 2789 484 2848 eius
508 2790 619 2848 codicis
642 2790 778 2866 sequitur
799 2789 1020 2860 auctoritatem,
1043 2789 1095 2866 qui
1117 2789 1381 2869 accuratissimam·
1396 2810 1461 2867 per-

131 2891 185 2949 diti
212 2891 367 2968 archetypi
396 2892 555 2968 imaginem
584 2892 695 2951 referre
717 2891 860 2950 videatur.
908 2889 1015 2969 Neque
1042 2892 1132 2950 aliam
1154 2894 1301 2952 rationem
1323 2893 1354 2952 in
1376 2894 1462 2951 resti·

131 2994 241 3051 tuenda
264 2993 390 3053 dialecto
412 2995 526 3053 aeolico
548 3004 667 3052 secutus
690 3012 773 3066 sum,
797 2995 883 3052 cuius
902 2993 1015 3071 passim
1037 2994 1207 3053 oblitterata
1228 3003 1299 3053 sunt
1320 2994 1461 3071 vestigia3

130 3097 196 3154 cavi
224 3117 261 3154 ne
288 3114 348 3172 quo
371 3096 515 3154 aeolicum
536 3096 662 3155 formant
686 3097 722 3155 de
745 3114 810 3155 meo
833 3096 987 3167 inferrem,
1015 3097 1073 3154 nisi
1097 3097 1146 3154 ubi
1169 3097 1276 3156 leviter
1297 3117 1316 3156 a
1339 3097 1462 3155 librario

131 3208 281 3274 peccatum
305 3216 372 3257 esse
394 3198 584 3257 manifestum
606 3198 677 3271 fuit3
701 3217 797 3275 neque
820 3217 881 3275 quo
902 3199 1016 3257 monito
1039 3198 1091 3256 uix
1113 3217 1188 3276 opus
1212 3200 1318 3258 estad
1340 3216 1461 3258 severas

130 3319 250 3358 normas
277 3301 430 3359 titulorum
457 3301 620 3359 maximam
646 3310 762 3379 partem
792 3300 952 3359 recentium
974 3299 1130 3359 dialectum
1153 3302 1250 3378 exegi.
1293 3300 1356 3360 Diu
1377 3321 1462 3360 man·

131 3403 209 3461 sisse
236 3402 395 3460 dialectum
423 3404 505 3482 apud
527 3403 668 3462 Aeolicus
691 3423 792 3461 verum
814 3412 874 3475 est,
904 3403 958 3461 sed
979 3412 1042 3462 arte
1065 3403 1161 3479 magis
1183 3403 1349 3480 quaesitam
1371 3421 1460 3479 quam

130 3516 237 3563 natura
258 3503 394 3575 insitam,
422 3523 517 3580 neque
539 3506 611 3581 quid
633 3506 690 3564 sibi
713 3505 881 3583 postularet
902 3504 1041 3578 rationis,
1069 3507 1146 3563 inter
1167 3507 1366 3581 posteriorum
1388 3513 1461 3564 tem·

129 3626 236 3683 porum
263 3608 399 3665 homines
427 3608 502 3666 satis
530 3607 694 3667 constabat.
739 3610 925 3666 Acecntuum
947 3607 1029 3665 locus
1052 3626 1118 3666 cum
1141 3609 1311 3667 etiamnunc
1332 3607 1461 3666 difficilis

130 3709 170 3767 sit
192 3720 222 3768 et
243 3711 366 3768 arbitrio
390 3710 484 3786 magis
505 3722 595 3786 quam
617 3710 716 3786 legum
739 3709 909 3768 certitudini
932 3710 1091 3781 obnoxius,
1117 3712 1326 3787 grammaticos
1348 3710 1460 3782 audivi,

130 3811 179 3869 ubi
203 3811 274 3888 quid
295 3812 493 3884 tradiderunt,
515 3812 566 3870 ubi
589 3812 768 3885 deiecerunt,
791 3810 906 3889 vulgari
928 3811 995 3871 usui
1018 3811 1279 3872 obsecundandum
1301 3813 1415 3890 putavi.

648 4549 736 4627 Apud
758 4549 940 4626 Mytilenem.

336 4735 1456 4818 aeonumtolosanostonuoxuutmtnumettouupalaestras1

336 4837 1285 4921 notataruuoguaxeaatluaounszlrmseveeretrau
1310 4843 1456 4918 «artano

336 4943 1456 5020 neocosmutexeerertstsaturataspraeuentozlauuemu·

336 5043 1455 5122 rasorurmnoxmerramrtaeeruzeneuttuntxax·rastrum

334 5147 1456 5223 t<nrmzesuzrmufflau·eeauaouaatouoaxuoxtzesnzrxu

335 5248 1222 5331 ΓΥΜΝΑΣΙΛΡΧΟΝ.ΙΔΙΑΙῳΝΟΣΙΟΥΛΙΑΝΑΓΡΙΠΙΊΙΝΑΝ

1215 5346 1257 5392 ιο
