3682 5964
364 569 433 639 142
792 575 1102 637 unnrruussuuu
1119 583 1203 636 voa.
1224 586 1252 634 11

1534 685 1687 694 ψ*-

361 762 512 821 sustinuit
557 757 636 822 Sane
664 779 717 836 per
743 777 776 818 se
801 759 908 818 mirum
936 765 984 817 est
1005 757 1135 816 IIvirum
1162 757 1253 815 simul
1281 764 1311 814 et
1333 757 1481 833 praetorIs
1504 769 1533 815 et
1553 758 1690 833 petitoris

361 863 459 922 officio
481 862 581 939 Iungi;
605 861 657 920 sed
679 862 721 920 ita
742 861 772 919 in
795 861 861 939 lege
882 867 1000 920 cautum
1023 869 1078 934 est,
1101 869 1321 937 excuseturque
1343 879 1380 918 ea
1400 859 1503 918 iudicii
1519 860 1691 920 constitutio

359 964 581 1042 quodammodo
604 939 649 1034 bo,
672 963 754 1038 quod
776 983 843 1022 curn
865 964 1059 1042 magistratus
1074 963 1124 1038 qui
1140 963 1224 1041 petit,
1247 980 1305 1040 quo
1321 969 1455 1038 tempore
1469 962 1506 1020 de
1521 981 1556 1021 es
1569 983 1601 1020 re
1616 962 1692 1020 iudi·

360 1068 439 1126 eium
465 1066 530 1125 fieri
551 1073 681 1143 oportet,
710 1065 775 1125 sine
796 1067 877 1124 iusta
898 1083 991 1124 causa
1012 1085 1072 1123 non
1094 1064 1193 1136 adest,
1221 1083 1257 1123 eo
1280 1065 1403 1123 absente
1424 1063 1564 1123 iudicium
1585 1065 1691 1124 nihilo·

361 1169 461 1229 minus
475 1163 675 1247 perficitur¹);
698 1169 773 1226 satis
792 1169 870 1226 enim
885 1168 954 1226 inde
969 1167 1151 1244 intellegitur
1166 1166 1295 1226 IIvirum
1310 1168 1430 1226 nomine
1445 1167 1541 1244 magis
1555 1185 1646 1242 quam
1660 1187 1693 1225 re

362 1272 473 1330 actoris
494 1271 628 1347 partibus
648 1270 781 1328 functum
804 1287 880 1330 esse.
924 1268 1004 1328 Nam
1026 1271 1161 1348 privatus
1184 1270 1209 1328 si
1232 1269 1370 1329 similiter
1391 1272 1490 1343 abest,
1513 1288 1572 1328 uon
1595 1269 1692 1328 solum

362 1374 505 1434 iudicium
533 1372 673 1444 solvitur,
701 1372 755 1432 sed
781 1373 871 1431 etiam
898 1381 980 1431 actor
1002 1372 1117 1431 abhoc
1139 1389 1247 1448 genera
1268 1371 1443 1431 iudiciorum
1465 1372 1495 1430 in
1517 1379 1693 1451 perpetuum

366 1484 493 1536 arcetur.
997 1482 1001 1490 '

231 1596 346 1645 Excusat.
446 1578 666 1637 Excusationes
682 1576 815 1637 absentis
828 1577 967 1655 petitoris
982 1585 1192 1636 enumerantur
1206 1587 1336 1652 septem:
1363 1577 1394 1652 1)
1416 1577 1536 1637 morbus
1551 1577 1693 1649 sonticus,

248 1669 331 1754 “⁰⁰5⁸
365 1680 398 1758 2)
422 1680 637 1752 vadimonIum,
666 1680 698 1756 3)
719 1679 878 1753 iudicium,
908 1681 942 1756 4)
965 1679 1158 1750 sacrificium,
1190 1679 1222 1754 5)
1245 1679 1335 1739 funus
1357 1677 1518 1751 familiare,
1547 1679 1579 1754 6)
1601 1678 1694 1737 leriae

243 1749 337 1792 ΝΜ
366 1783 531 1855 denicales,
555 1783 588 1860 7)
611 1783 802 1858 magistratus
823 1791 995 1859 potestasre
1017 1782 1119 1859 populi
1141 1781 1280 1840 Romani.
1324 1781 1440 1840 Harum
1462 1799 1618 1841 causarum
1640 1799 1695 1840 sex

364 1887 480 1964 primae
503 1885 640 1944 videntur
661 1885 812 1961 proficisci
834 1905 872 1943 ex
894 1885 970 1962 ipsis
991 1885 1055 1944 XII
1077 1884 1201 1955 tabulis,
1228 1885 1279 1942 ubi
1301 1884 1345 1942 sic
1366 1885 1564 1961 perscriptum
1586 1883 1644 1942 fuit
1664 1883 1696 1941 in

365 1987 512 2048 secundae
531 1987 653 2046 tabulae
675 1987 805 2046 secunda
826 1987 905 2064 lege:
928 1987 1040 2046 morbus
1063 1989 1188 2046 soutr'cus
1210 1997 1261 2045 out
1280 1995 1373 2045 emtus
1395 1987 1455 2045 dice
1477 2005 1538 2044 cum
1560 1987 1636 2044 loeta

365 2089 534 2168 quid[qur'd]
556 2089 657 2148 lorum
671 2091 734 2164 suit
754 2109 840 2148 uuum
860 2091 950 2147 iudici
970 2089 1112 2147 arbitrove
1131 2107 1212 2147 reove
1231 2109 1261 2148 eo
1282 2090 1337 2158 dic,
1361 2088 1446 2164 [dica]
1465 2089 1576 2164 difflatu
1592 2087 1695 2164 estol).

365 2191 501 2252 Indidem
528 2192 639 2250 dudum
666 2191 849 2250 intellectum
876 2199 921 2249 est
945 2191 1075 2268 pendere
1102 2209 1224 2264 causas,
1254 2201 1376 2268 propter
1400 2208 1476 2268 quae
1502 2190 1590 2248 militi
1616 2191 1696 2248 laeto

366 2295 405 2354 ad
431 2294 509 2353 diem
535 2313 596 2353 non
622 2294 730 2352 adesse
756 2301 836 2353 recte
862 2293 986 2366 licebat,
1016 2295 1060 2352 aio
1086 2295 1196 2352 relatas
1223 2293 1302 2370 apud
1328 2291 1475 2353 Gellium:
1496 2294 1590 2367 sunus
1608 2294 1687 2367 furat

367 2399 454 2468 liare,
476 2399 605 2472 feriaeve
632 2396 775 2456 clericales
802 2414 875 2472 quac
901 2413 958 2453 nou
985 2399 1043 2454 eius
1071 2399 1115 2454 rei
1140 2413 1228 2454 causa
1253 2400 1284 2453 in
1311 2415 1371 2454 eum
1392 2397 1465 2453 diem
1486 2395 1607 2454 collatae
1633 2398 1698 2465 siut,

366 2517 422 2576 quo
444 2503 469 2556 ta
492 2517 523 2556 eo
546 2499 592 2556 dic
612 2501 705 2556 miuus
726 2499 766 2558 ibi
788 2507 872 2570 esset,
894 2497 1008 2556 morbus
1030 2502 1170 2568 sonticus,
1192 2503 1384 2574 cuspudumce
1405 2499 1483 2574 quud
1503 2501 1563 2556 rinc
1581 2498 1698 2573 piaculo

362 2603 524 2678 praeterire
548 2618 604 2658 nou
630 2601 729 2673 liceat,
756 2603 962 2677 aamficiumve
982 2604 1225 2671 annivesariam,
1251 2601 1329 2676 quod
1349 2611 1420 2659 recte
1435 2603 1502 2678 fieri
1521 2604 1700 2676 conpescit,

366 2707 425 2762 nisi
451 2707 531 2779 ipsus
554 2721 585 2761 eo
608 2705 652 2760 die
673 2704 715 2761 ibi
736 2707 785 2775 ait,
813 2707 857 2760 via
879 2703 1017 2776 loclesse,
1045 2713 1136 2761 statua
1157 2704 1335 2762 condictusve
1357 2705 1417 2762 dies
1438 2721 1499 2760 urm
1520 2703 1606 2760 doato.
1650 2702 1699 2760 Ad

368 2807 491 2883 singula
512 2805 592 2880 quod
615 2805 737 2876 attinet,
766 2804 802 2863 de
824 2805 927 2863 morbo
949 2805 1067 2863 sontIeo
1089 2805 1278 2881 exploratum
1300 2814 1356 2864 est.
1399 2805 1609 2864 Vadimonium
1632 2824 1700 2863 oon·

367 2907 500 2966 Iunctum
527 2915 574 2966 est
600 2926 667 2965 cum
694 2925 730 2965 eo
753 2907 856 2984 quiin
877 2906 944 2966 XII
965 2907 1077 2966 tabulis
1100 2915 1129 2966 et
1149 2908 1316 2966 iuramento
1339 2907 1460 2966 militari
1481 2907 1604 2986 ponitur
1626 2916 1700 2966 stato

369 3011 414 3068 dic
435 3028 497 3068 eum
518 3009 607 3080 boatu
636 3027 704 3068 nam
727 3016 823 3068 status
846 3009 911 3068 dies
934 3029 1000 3068 curn
1022 3009 1123 3082 hoste,
1150 3011 1176 3068 si
1198 3010 1271 3088 quid
1293 3010 1394 3082 video,
1416 3011 1515 3084 ipsum
1545 3017 1592 3070 est
1619 3011 1700 3068 vadi-

369 3111 503 3171 monium
531 3111 641 3170 factum
671 3129 737 3168 cum
765 3112 933 3189 peregrino.
982 3111 1130 3172 Iudicium
1162 3132 1180 3170 a
1208 3114 1375 3172 iuramento
1403 3113 1488 3172 abest
1516 3114 1581 3172 sine
1608 3111 1700 3171 dubio

368 3221 528 3292 propterea
554 3213 636 3289 quod
662 3232 697 3272 eo
727 3214 846 3272 nomine
874 3212 960 3272 miles
989 3215 1068 3290 apud
1095 3215 1221 3274 iudicem
1247 3225 1425 3288 excusatur,
1452 3233 1514 3274 non
1542 3224 1702 3275 excusatur

368 3315 449 3394 apud
471 3315 585 3375 ducem.
623 3313 820 3386 Sacrificium,
843 3314 932 3375 funus
951 3315 1108 3390 familiare,
1130 3317 1223 3376 feriae
1246 3317 1397 3376 denicales
1417 3318 1543 3376 redeunt
1564 3318 1595 3377 in
1615 3317 1702 3374 iuris-

370 3418 488 3476 iurandi
514 3416 651 3477 iormula.
697 3415 833 3495 Septima
857 3427 955 3478 autem
983 3421 1139 3479 excusatio
1166 3420 1288 3497 propria
1314 3428 1360 3479 est
1386 3419 1494 3478 iudicio
1517 3419 1702 3495 municipali,

369 3527 402 3578 ut
423 3520 540 3579 scilicet
560 3519 738 3596 quicumque
759 3528 882 3597 propter
903 3521 1111 3600 magistratum
1133 3522 1284 3598 publicum
1307 3521 1410 3598 populi
1427 3521 1554 3580 Romani
1573 3520 1604 3579 id
1618 3521 1702 3579 obire

370 3623 482 3698 nequit,
505 3621 627 3698 perinde
649 3631 819 3681 excusetur.
842 3655 884 3668 -
910 3623 1049 3700 Denique
1071 3643 1130 3682 non
1153 3624 1346 3682 omittendum
1368 3633 1416 3682 est
1437 3623 1473 3681 de
1495 3624 1543 3682 his
1564 3624 1701 3700 petitoris

329 3775 334 3782 .
371 3723 624 3796 excusationibus,
649 3733 729 3783 certe
751 3726 802 3784 ubi
824 3727 933 3802 petitor
954 3727 1088 3803 prieutus
1111 3736 1167 3796 est,
1189 3745 1248 3784 non
1271 3735 1495 3804 recuperatores
1510 3743 1702 3804 cognoscere,

372 3827 424 3886 sed
445 3826 663 3903 magistratum,
686 3827 766 3903 apud
788 3847 877 3904 quern
900 3846 936 3886 ea
956 3846 1004 3886 ree
1027 3827 1125 3905 agitur
1146 3827 1189 3904 (2,
1204 3828 1268 3904 30).

237 3943 354 3994 Tertium
455 3929 523 3987 Duo
538 3947 652 4005 panaro,
676 3929 916 4005 Quintilianus³)
926 3930 984 4002 ait,
1006 3941 1071 3990 suut
1085 3933 1206 4001 testium,
1228 3941 1279 3990 out
1292 3930 1517 3991 voluntariorum·
1533 3941 1583 3992 aut
1598 3950 1702 4003 corum,

247 4017 344 4140 (Ῐῑῗὲῒιῐζ
372 4030 476 4109 quibua
501 4035 532 4088 iu
558 4032 673 4092 tudiciis
700 4031 823 4107 publicis
851 4032 910 4108 laps
936 4033 1099 4090 denuntiari
1124 4033 1210 4102 aoht,-
1235 4051 1356 4109 quorum
1377 4035 1468 4094 altero
1487 4054 1561 4112 para
1582 4044 1704 4112 utraque

449 4358 472 4422 ¹)
501 4359 570 4410 Nam
594 4361 798 4425 supplementum
824 4361 893 4426 quod
918 4361 1043 4427 adscripsi
1067 4362 1101 4412 ad
1121 4365 1151 4425 2,
1168 4365 1215 4425 21,
1242 4368 1393 4428 argumento
1412 4377 1429 4413 a
1448 4364 1578 4414 contrario
1597 4363 1703 4414 omniuo

371 4452 518 4518 requiritur.
557 4452 642 4502 IIviro
668 4452 773 4503 absente
797 4468 829 4502 ex
854 4454 922 4503 iusta
945 4467 1023 4504 cauea
1046 4469 1104 4504 eum
1125 4471 1166 4506 ros
1190 4457 1292 4520 integra
1314 4456 1341 4506 in
1366 4457 1443 4506 aliam
1463 4457 1532 4506 diem
1551 4463 1703 4517 reservetur,

374 4545 418 4594 ubi
437 4545 510 4595 abest
529 4559 561 4594 ex
582 4559 658 4594 causa
676 4559 728 4594 non
749 4545 823 4607 Iusta,
843 4561 884 4594 res
903 4545 1008 4596 absente
1027 4561 1058 4596 eo
1077 4555 1180 4613 peracta
1194 4549 1226 4598 sit
1241 4563 1345 4599 necesse
1359 4555 1404 4598 est
1433 4549 1518 4599 Causa
1531 4549 1598 4600 enim
1613 4550 1704 4598 eadere

372 4652 430 4687 eum
449 4649 502 4688 non
523 4643 561 4686 est
579 4636 727 4701 probabile;
747 4652 807 4688 nam
826 4631 876 4687 hoe
895 4639 979 4702 posito
998 4639 1065 4688 nibil
1084 4641 1219 4690 interesset
1237 4642 1303 4690 iuter
1322 4642 1498 4705 magistratum
1517 4643 1702 4706 privatumque,

373 4745 438 4794 quos
462 4737 549 4778 tamen
568 4729 610 4778 lex
630 4737 748 4779 accurate
767 4730 908 4794 distInguit.
946 4730 1066 4796 Denique
1085 4732 1141 4782 iure
1160 4734 1290 4782 communi
1310 4749 1367 4782 cum
1387 4733 1483 4783 iudicio
1504 4735 1641 4784 constituto
1660 4748 1704 4798 pa·

372 4821 434 4870 titor
460 4820 545 4882 abeat,
570 4822 593 4871 is
618 4829 704 4871 autem
729 4837 840 4887 quocum
864 4823 948 4887 agitur
972 4822 1058 4884 adest,
1085 4825 1209 4874 iudicium
1229 4825 1359 4890 perficitur
1383 4825 1459 4890 (Dig.
1478 4827 1527 4888 40,
1549 4829 1594 4889 12,
1614 4827 1658 4888 27,
1680 4829 1704 4877 1.

373 4914 417 4976 42,
433 4913 458 4974 2,
475 4913 500 4974 6,
516 4913 541 4962 3.
561 4913 605 4974 49,
623 4916 647 4975 1,
663 4913 696 4962 28
710 4929 749 4978 pr.
787 4915 876 4964 Keller
899 4911 1066 4982 Uiuilproress
1084 4934 1109 4983 p.
1125 4919 1196 4979 297).

449 5001 473 5066 ²)
501 5003 607 5058 Schoell
630 5005 687 5059 XII
704 5006 774 5056 tabb.
798 5021 824 5071 p.
841 5008 900 5057 120.
938 5007 1044 5058 Reieeta
1066 5007 1165 5062 Cuiaeii
1190 5009 1369 5060 emendatione
1394 5009 1480 5060 rictum
1506 5027 1553 5076 pro
1578 5025 1610 5061 eo
1635 5011 1705 5074 quod

373 5103 411 5146 est
433 5111 507 5145 uuum
532 5098 637 5148 omnino
661 5113 783 5163 perversa
807 5099 878 5161 (nam
902 5101 1035 5151 excusatio
1059 5117 1112 5152 non
1138 5109 1175 5152 ast
1201 5101 1302 5164 uitium)
1327 5101 1389 5168 quid
1413 5103 1542 5168 geminavi
1566 5111 1591 5152 et
1609 5102 1703 5152 admisi

372 5186 570 5254 unumquicquid
587 5191 740 5241 vocabulum
759 5192 950 5243 Lucretianum.
988 5193 1127 5245 Praeterea
1145 5194 1235 5244 addidi
1255 5193 1317 5245 dier.

449 5277 474 5345 ³)
502 5281 562 5332 inst.
577 5281 603 5344 5,
618 5281 643 5348 7,
659 5283 685 5335 9.
