3458 6292
292 480 367 550 194
859 501 1040 553 conssaa:

287 675 432 752 imagines
459 674 613 751 galearum
645 694 712 734 cum
739 675 835 734 titulis
867 683 1003 735 accurate
1028 675 1220 734 adumbratas
1242 674 1422 752 publicavit,
1452 675 1616 733 sedetiam

288 784 398 834 statam
425 785 513 852 atque
543 778 688 854 originem
717 777 872 854 utriusque
899 778 1027 836 cassidis
1055 776 1213 856 diligenter
1239 776 1439 848 examinavit,
1467 777 1615 836 Antictitd

287 878 334 935 del
360 878 461 937 Macen
487 880 520 936 di
546 879 693 951 Polermo,
721 890 776 938 tac.
806 880 850 950 II,
877 882 905 939 4.
934 881 964 938 5.
992 880 1013 938 6
1033 899 1065 956 p.
1090 880 1128 939 46
1156 898 1198 955 aq.
1248 876 1385 955 Cumque
1414 897 1470 955 ego
1498 878 1616 938 collatis

286 979 430 1038 Panormi
457 980 622 1040 litterarum
649 982 754 1040 formis
781 982 811 1041 in
840 992 964 1059 utraque
990 982 1112 1060 scriptis
1135 981 1207 1040 mihi
1228 980 1454 1059 permisissem,
1482 983 1616 1060 integrae

287 1083 392 1159 galeae
415 1083 533 1141 titulum
555 1084 593 1141 ad
608 1083 833 1142 similitudinem
849 1084 973 1143 alterius
995 1085 1136 1144 infracta
1156 1084 1244 1143 incisi
1267 1093 1372 1144 nostra
1385 1083 1502 1142 demum
1518 1092 1615 1142 aetate

286 1184 444 1243 confictum
472 1203 556 1258 esse,
590 1187 628 1243 A.
656 1183 776 1247 Salinas
802 1205 917 1245 mecum
945 1187 1134 1247 consentiens
1161 1187 1330 1248 certissima
1355 1187 1468 1246 invenit
1497 1186 1616 1258 indicia,

286 1287 433 1365 integram
455 1287 538 1346 illam
561 1288 719 1361 cassidem,
742 1307 831 1364 quam
854 1289 1029 1349 arnoltus
1053 1290 1187 1349 vendidit
1207 1289 1310 1366 opifex
1331 1289 1453 1365 quidam
1475 1288 1613 1347 aurarius

286 1389 409 1448 Porcoer'
435 1390 567 1461 nomine,
594 1390 708 1449 falsarii
735 1409 804 1450 esse
831 1409 917 1468 opus.
968 1390 1038 1467 Qua
1063 1391 1100 1451 de
1130 1411 1163 1450 re
1188 1392 1307 1470 plenius
1333 1392 1380 1469 egi
1407 1393 1438 1450 in
1466 1410 1614 1450 commen·

286 1491 398 1550 tatione
433 1492 470 1551 de
505 1493 626 1570 linguae
667 1493 767 1553 Oscae
812 1493 992 1570 quibasdam
1039 1494 1238 1553 monumentis
1284 1495 1407 1570 scripta,
1444 1494 1494 1553 nbi
1524 1494 1613 1552 etiam

286 1593 366 1652 tituli
393 1594 549 1671 utriusque
584 1595 688 1672 galeae
728 1595 856 1672 effigiem
892 1615 911 1654 a
943 1615 992 1655 me
1025 1596 1202 1656 delineatam
1238 1596 1463 1673 imprimendam
1500 1596 1613 1666 curavi,

288 1696 321 1754 Z.
339 1699 365 1774 s.
388 1697 474 1773 oerpl.
499 1695 567 1774 Spr.
590 1697 698 1770 XXII,
718 1719 748 1776 p.
771 1696 830 1758 299
851 1717 893 1775 tq.
1145 1743 1147 1749 ·
1602 1743 1630 1789 0

919 2356 983 2434 ΙΙΙ.

323 2542 389 2619 DE
416 2540 757 2621 INSCRIPTIONE
785 2541 1053 2620 SABELLIOA
1080 2541 1198 2620 AGRI
1224 2544 1570 2621 PRAETVTIANL

364 2797 423 2855 Th.
455 2797 623 2856 Mommsen
655 2817 694 2856 ex
725 2797 830 2857 itinere
866 2798 973 2858 Italico
1004 2798 1100 2858 redux
1132 2798 1206 2856 mihi
1237 2798 1376 2875 praebuit
1409 2800 1616 2877 apographum

283 2898 487 2975 inscriptionis
508 2900 540 2959 in
562 2917 634 2978 agro
656 2900 852 2961 Praetutiano
874 2902 1043 2961 Picentium
1065 2901 1213 2973 inventae,
1236 2902 1316 2977 quod
1339 2919 1358 2958 a
1378 2901 1488 2960 Ianelli
1509 2901 1614 2961 biblio-

284 3002 417 3060 thecario
438 2991 641 3078 Neapolitano
664 3003 789 3081 accepit,
811 3023 909 3082 penna
930 3002 969 3062 ad
990 3003 1216 3063 similitudinem
1238 3003 1349 3080 lapidis
1375 3002 1556 3062 delineatum
1578 3005 1615 3063 ab

282 3105 395 3163 incerto
421 3111 550 3162 anctore.
593 3103 642 3164 De
670 3104 829 3182 alphabeto
855 3103 1006 3166 Sabellico
1033 3115 1066 3165 nt
1090 3125 1193 3185 agam,
1223 3123 1283 3181 qno
1314 3106 1516 3181 conscriptum
1549 3123 1615 3167 esse

282 3207 360 3264 hunc
385 3206 504 3265 titulum
533 3206 700 3266 Mommsen
733 3207 817 3282 vidit,
850 3208 978 3285 effigiem
1012 3208 1177 3287 apographi
1201 3208 1259 3267 hoc
1285 3209 1354 3268 loco
1382 3227 1485 3267 eorum
1515 3211 1611 3270 oculis

282 3310 507 3386 proponendam
529 3327 598 3369 esse
619 3310 758 3382 arbitror,
780 3310 832 3386 qui
853 3310 941 3386 periti
964 3320 1032 3370 sunt
1053 3310 1159 3370 harum
1181 3330 1281 3372 rerum
1303 3312 1489 3392 cognitores:
