3458 6292
194 437 267 506 278
753 448 954 498 WILMANNS

275 631 383 705 Agitur
404 629 434 685 in
459 635 649 684 monumento
679 625 714 682 de
741 623 883 681 nundinis
907 621 1096 680 instituendis
1120 623 1327 699 habendisque
1354 627 1384 680 iu
1406 627 1529 699 prouin-

192 738 237 790 cia
258 731 363 807 Africa
384 734 498 806 repioae
521 730 665 804 Bepumsi
687 729 828 787 territorio
849 724 1088 782 Musulamiorum
1116 727 1157 781 ad
1180 725 1270 784 Cosas
1299 727 1346 783 vel
1375 735 1405 783 ut
1433 745 1531 803 supra

193 836 291 893 minus
314 843 452 892 accurate
473 832 655 906 breviusque
678 829 787 886 dicitur
810 830 844 885 de
865 828 1000 884 nundinis
1022 826 1115 884 soltus
1138 828 1297 902 Repueusis
1325 832 1354 885 in
1382 834 1530 888 territorio

196 939 322 998 Caseusi.
366 933 540 993 Musulamii
571 933 690 1009 saepius
723 938 1001 989 commemorantur.
1052 927 1164 986 Narrat
1197 931 1278 987 enim
1305 928 1457 1006 Florus¹)
1492 933 1532 990 de

193 1043 348 1116 Augusto:
382 1039 434 1095 sub
460 1036 619 1093 meridiano
648 1033 845 1092 tumultuatum
869 1035 961 1106 mapis
990 1050 1075 1107 quam
1097 1031 1229 1089 bellamm
1252 1043 1300 1091 est.
1344 1032 1530 1093 Musulamos

193 1153 278 1218 atque
308 1139 444 1200 Gaetulos
469 1137 583 1197 accolas
611 1136 738 1210 Syrtium
771 1133 860 1193 Cosso
888 1135 959 1192 duee
986 1137 1171 1208 compescuit,
1202 1151 1292 1208 quam
1322 1135 1479 1194 victoriam
1511 1155 1532 1193 a

194 1243 310 1302 Velleio
332 1242 433 1300 Dione
456 1230 565 1298 Orosio
587 1256 705 1314 quoquc
727 1244 989 1295 commemoratam
1005 1233 1121 1294 Cossus
1144 1253 1170 1292 a.
1188 1234 1205 1292 6
1228 1237 1399 1311 reportavit.
1441 1235 1533 1311 Quae

193 1346 241 1404 hic
268 1346 304 1404 de
326 1344 447 1403 sedibus
476 1341 725 1400 Musulamiorum
754 1339 923 1398 reseruntur
949 1355 1009 1395 non
1037 1338 1079 1396 ita
1106 1337 1309 1416 intellegenda
1336 1347 1406 1397 snut
1438 1341 1533 1415 quasi
1602 1355 1605 1359 ·

195 1466 269 1526 gens
302 1446 354 1505 illa
387 1445 417 1502 iu
450 1461 503 1501 ora
535 1442 685 1501 maritima
717 1442 898 1500 habitaverit
929 1439 977 1498 vel
1008 1440 1039 1497 in
1070 1441 1208 1517 partibus
1237 1440 1358 1498 Africae
1385 1438 1533 1518 Syrtibus

194 1549 354 1627 proximis:
383 1546 485 1604 rhetor
507 1545 661 1604 Romanus
687 1544 723 1602 de
751 1543 934 1621 geographia
960 1542 1081 1600 Africae
1109 1543 1186 1601 idem
1213 1541 1275 1601 lere
1303 1543 1423 1601 novisse
1446 1545 1533 1602 vide-

195 1661 244 1710 tur
272 1650 352 1726 quod
380 1657 500 1707 nostrae
527 1647 634 1705 aetatis
661 1647 718 1704 viri
748 1644 828 1703 docti
856 1645 991 1721 plerique
1020 1645 1131 1717 sciunt,
1165 1644 1281 1703 scilicet
1310 1664 1376 1706 eam
1404 1646 1534 1706 meridie

195 1754 288 1811 maris
317 1751 467 1828 Tyrrheni
500 1751 588 1807 sitam
618 1766 685 1807 esse
714 1748 858 1824 sinusque
884 1747 994 1806 hahere
1022 1744 1126 1823 Syrtes
1156 1747 1340 1823 appellatos,
1372 1757 1535 1824 praeterea

196 1857 237 1914 ibi
266 1854 391 1930 reperiri
418 1852 521 1911 leones
550 1851 668 1910 deserta
695 1850 830 1909 homines
858 1851 975 1926 nigros,
1002 1850 1033 1907 in
1060 1850 1201 1927 Aegypto
1231 1850 1321 1908 etiam
1349 1852 1533 1928 hippopota-

197 1976 271 2016 mos.
321 1954 467 2015 Gaetulos
493 1954 572 2013 enim
599 1971 752 2029 nunquam
780 1949 914 2028 Syrtium
942 1952 1060 2010 accolas
1093 1952 1188 2010 luisse
1215 1960 1319 2010 notum
1346 1963 1406 2026 est,
1435 1953 1534 2013 idem-

176 2043 254 2135 vque
286 2058 323 2117 de
350 2055 540 2116 Musulamiis
567 2062 685 2114 constat
711 2075 751 2113 ex
778 2056 817 2113 iis
844 2073 920 2130 quae
949 2054 1142 2113 Ptolemaeus
1172 2055 1361 2133 geographus
1391 2055 1534 2117 Tacitus·

199 2180 258 2237 qne
290 2160 326 2218 de
358 2159 480 2218 sedibus
513 2177 614 2217 eorum
648 2157 843 2216 tradiderunt.
893 2154 1127 2232 Ptolemaeusl)
1155 2166 1272 2235 gentem
1302 2175 1392 2232 quam
1419 2163 1535 2216 Μισου-

103 2328 107 2335 ,
196 2254 282 2322 tolum
309 2261 441 2339 appellat
468 2262 524 2318 sub
546 2260 633 2318 Audo
660 2269 760 2319 monte
786 2259 969 2318 habitavisse
995 2259 1099 2317 scribit
1119 2278 1138 2316 a
1159 2257 1345 2318 Cirtensibus
1375 2261 1533 2320 meridiem

197 2383 303 2423 versus
328 2364 359 2422 iu
386 2362 564 2422 occidentali
590 2371 674 2437 parte
696 2360 872 2433 Numidiae,
906 2360 1069 2436 Tacitum)
1092 2380 1157 2419 eam
1179 2362 1392 2422 solitudinibus
1407 2363 1534 2424 Africae

197 2468 396 2544 propinquam
419 2465 593 2540 Maurisque
620 2462 752 2522 accolam
775 2464 859 2522 dicit:
894 2464 1000 2539 quibus
1022 2465 1203 2522 testimoniis
1231 2465 1311 2523 ducti
1332 2467 1391 2524 iam
1414 2466 1533 2542 pridem

197 2578 276 2628 recte
304 2569 360 2626 viri
389 2567 468 2625 docti
491 2566 689 2625 Musulamios
714 2567 793 2624 inter
820 2575 936 2624 montes
958 2567 1047 2624 hodie
1071 2565 1176 2640 Djebel
1198 2568 1298 2625 Aurea
1321 2567 1416 2626 dictos
1438 2570 1533 2627 fines-

200 2690 258 2747 que
279 2669 486 2729 Mauretaniae
511 2670 694 2727 territorium
724 2668 865 2726 habuisse
892 2676 1067 2728 statuerunt.
1110 2668 1175 2726 Iam
1201 2687 1271 2727 vero
1299 2671 1424 2748 emergit
1448 2671 1536 2730 aliud

199 2793 302 2832 eorum
337 2771 519 2830 territorium
552 2772 582 2829 in
613 2771 710 2829 media
736 2771 800 2829 fere
826 2771 982 2846 provincia
1008 2771 1231 2848 proconsulari,
1264 2771 1353 2848 longe
1385 2782 1534 2834 remotum

199 2876 237 2933 ab
259 2875 349 2933 Audo
370 2885 472 2933 monte
493 2875 682 2950 Maurisque:
715 2892 785 2931 num
807 2873 875 2932 inde
897 2874 955 2930 huc
984 2892 1076 2950 usque
1102 2876 1177 2932 fines
1200 2874 1296 2950 gentis
1323 2877 1532 2951 pertinebant?

200 2978 296 3034 Immo
325 2976 385 3035 alia
411 2977 527 3034 ratione
555 2994 604 3034 res
634 2975 813 3051 explicanda
839 2984 894 3033 est.
938 2975 1045 3034 Refert
1068 2977 1145 3034 enim
1172 2975 1337 3052 Tacitum)
1366 2967 1535 3054 imperante

201 3078 322 3136 Tiberio
355 3079 578 3137 Tacfarinatem
614 3077 775 3137 Numidam
812 3078 944 3136 adiutum
982 3079 1112 3137 maxime
1144 3078 1394 3147 Musulamiorum
1430 3082 1535 3140 valida

200 3191 288 3257 geute
321 3180 430 3238 bellum
464 3180 609 3240 Romanis
645 3181 796 3252 intulisse,
830 3180 896 3239 cum
925 3180 950 3238 F
954 3181 1034 3239 arius
1063 3179 1209 3240 Camillus
1242 3182 1421 3256 proconsule
1450 3184 1536 3242 Afri-

132 3316 136 3321 -
201 3302 267 3342 cam
299 3283 447 3342 obtineret
473 3282 519 3359 (a.
545 3283 618 3357 17),
650 3284 689 3341 ab
721 3301 815 3359 eoque
846 3283 946 3343 fusum
978 3283 1180 3360 fugatumque.
1231 3282 1299 3358 Quo
1331 3285 1446 3362 proelio
1475 3288 1536 3346 etsi

201 3384 310 3444 bellum
338 3385 466 3444 fortasse
495 3385 662 3463 paullulum
690 3383 909 3456 intermissum,
942 3386 1106 3443 extinctum
1134 3395 1234 3443 tamen
1259 3405 1318 3445 non
1347 3398 1406 3460 est,
1435 3389 1535 3447 vario-

202 3506 260 3563 que
289 3506 343 3563 per
371 3488 540 3564 complures
569 3505 663 3546 annos
690 3487 787 3546 Marte
814 3486 984 3563 gestum⁵);
1017 3506 1096 3545 anuo
1126 3488 1243 3547 demum
1272 3486 1312 3546 24
1341 3507 1427 3549 caeso
1455 3491 1535 3551 duce

201 3590 373 3667 provinciae
399 3608 461 3665 pax
487 3589 602 3648 reddita
628 3588 719 3665 estss)
762 3589 843 3647 Inter
868 3607 917 3647 res
944 3608 1021 3647 anno
1045 3588 1081 3649 21
1111 3600 1211 3668 gestas
1239 3591 1313 3649 haec
1339 3594 1418 3667 apud
1443 3593 1534 3652 Taci-

202 3691 304 3768 tum⁷)
331 3692 483 3768 leguntur:
510 3710 597 3768 neque
618 3692 704 3750 multo
722 3703 791 3767 post
814 3691 932 3763 Caesar,
959 3710 1020 3748 cum
1040 3692 1155 3749 lunium
1177 3692 1315 3750 Blaesum
1333 3696 1534 3768 proconsulem

203 3797 324 3871 Africae
346 3795 483 3870 triumphi
501 3794 660 3871 iusipuilus
683 3794 832 3865 attolleret,
854 3797 923 3852 dare
945 3795 977 3851 id
996 3812 1026 3851 se
1047 3795 1119 3851 dicit
1138 3793 1239 3851 honori
1253 3794 1364 3864 Seiani,
1386 3801 1466 3854 cuius
1482 3798 1533 3855 ille

203 3897 359 3956 auunculus
381 3905 451 3954 erat.
496 3895 541 3954 Aa
562 3905 653 3954 tumea
674 3914 720 3953 res
742 3897 847 3955 Blaesi
868 3899 971 3972 dipnae
993 3897 1090 3954 decore
1111 3897 1164 3954 tali
1178 3898 1271 3970 ficere.
1325 3897 1405 3954 Nam
1430 3898 1530 3972 Tassa-

202 4003 284 4058 riuas
311 4017 485 4076 quamquam
511 4002 626 4076 saepius
655 3999 792 4074 depulsus
818 4001 963 4075 reparatis
985 4003 1161 4075 perintime
1182 3998 1302 4075 Africae
1330 4001 1448 4058 auxiliis
1478 4001 1534 4060 ltus

203 4104 392 4177 adroqautiue
418 4113 542 4173 ummat,
564 4112 594 4160 ut
616 4102 722 4177 leqatos
744 4103 784 4160 ad
808 4101 947 4160 liberium
968 4104 1088 4160 mitteret
1107 4102 1254 4176 sedeatque
1274 4101 1350 4159 ultro
1372 4102 1535 4179 sitiatque

205 4325 409 4335 ----

281 4485 305 4546 1)
330 4486 366 4545 Π,
388 4484 432 4534 31.

280 4574 305 4639 ²)
333 4579 381 4638 IV,
397 4577 422 4636 3,
438 4577 473 4626 24
493 4577 554 4625 dicit
573 4577 605 4626 ab
625 4577 758 4626 occidente
778 4577 905 4642 incipiens
925 4577 1123 4642 descriptionem
1141 4565 1218 4625 πάλιν
1232 4573 1259 4625 si
1271 4575 1317 4626 τῶν
1330 4574 1372 4645 μὶν
1386 4573 1531 4646 Κιρτησίων

205 4669 245 4720 καὶ
258 4669 300 4733 τῆς
311 4663 451 4734 Νουμιδιάς
465 4655 689 4737 paupeperibus
702 4659 748 4717 dard
761 4657 790 4718 rd
804 4655 887 4718 Ailou
901 4656 958 4736 ὅρος
971 4657 1137 4736 Μισουλᾶμοι
1150 4669 1205 4718 κτλ.

282 4761 306 4824 ³)
335 4764 405 4812 Anu.
426 4760 463 4823 11,
485 4761 529 4812 52.

283 4853 307 4915 ⁴)
340 4854 410 4904 Ann.
432 4854 448 4902 l.
469 4853 487 4902 l.

284 4944 307 5005 ⁵)
335 4948 406 4997 Anu.
426 4946 478 5006 111,
500 4947 532 4993 21
554 4952 580 4993 ct
601 4948 634 4994 72
654 4963 692 5011 sq.

284 5034 308 5096 6)
336 5039 407 5086 Anu.
427 5038 473 5096 1v,
497 5038 530 5086 23
551 5054 588 5102 sq.

284 5123 309 5189 ἵ)
337 5129 408 5177 Anu.
427 5129 478 5191 111,
499 5127 533 5178 72
554 5146 591 5195 sq.
