3458 6292
658 564 732 614 nux
751 563 834 614 con.
855 564 1083 614 aeuumvsn.
1465 543 1535 613 139

219 666 238 673 -ι
258 666 361 673 --..
667 666 869 673 —·-..---—
893 664 1160 672 .-—.———--.
1187 666 1202 671 .-

288 734 400 813 Capito
422 734 528 794 XCIII
557 746 672 794 rotatur
699 737 805 795 duorir
830 738 1037 814 praelectusre
1063 737 1100 795 de
1127 738 1193 795 loco
1215 737 1335 814 publico
1358 756 1449 813 prove
1471 738 1538 795 loco

200 837 328 917 publico
353 838 404 897 rel
430 856 449 895 a
474 837 660 916 redemptore
685 840 819 917 mancipe
845 839 955 915 praede
976 839 1086 898 donum
1108 857 1216 897 munus
1237 840 1401 897 mercedem
1423 858 1539 915 capere.

200 938 293 1015 Quod
315 958 384 999 cum
407 956 583 1019 expressum
599 941 736 1001 videatur
758 941 796 998 ad
817 942 938 1019 publiea
959 943 1024 1001 iura
1043 942 1148 1019 populi
1164 942 1301 1013 Romani,
1324 960 1452 1018 quanam
1472 942 1539 1019 lego

200 1042 372 1103 secundum
399 1060 436 1101 ea
461 1044 677 1120 teneatur.qui
699 1044 844 1103 eiusmodi
866 1045 976 1103 donum
1000 1046 1115 1121 accepit
1136 1045 1257 1103 difficile
1280 1045 1359 1103 dictu
1383 1052 1443 1115 est;
1471 1063 1539 1102 narn

199 1145 436 1223 repetundarum
461 1146 572 1205 crimen
598 1146 710 1205 sociale
735 1155 783 1205 cst
803 1166 898 1223 neque
921 1146 1002 1204 aliud
1025 1147 1119 1205 ullum
1141 1158 1251 1224 aptum.
1295 1146 1440 1206 Fortasse
1461 1147 1539 1223 eogi-

202 1246 328 1307 undum
356 1256 405 1307 est
430 1248 467 1307 de
494 1248 560 1325 lege
585 1266 637 1319 ea,
665 1266 755 1325 quam
775 1245 919 1325 cicer01)
947 1250 990 1307 sic
1012 1248 1109 1308 effert:
1139 1252 1242 1307 donum
1264 1268 1297 1307 ne
1320 1254 1452 1325 capiunto
1473 1267 1541 1306 aere

201 1352 363 1409 mame
378 1351 503 1427 petenda
522 1369 591 1409 aeae
608 1351 735 1427 peranda
755 1370 823 1409 aeae
842 1360 924 1427 aesta
941 1361 1094 1428 potestate3
1116 1352 1189 1410 baec
1212 1352 1290 1411 euim
1311 1352 1424 1410 ambitu
1445 1351 1541 1427 mqui-

201 1452 271 1512 dem
294 1452 533 1531 comprehendit,
555 1452 701 1512 seditem
723 1452 762 1511 ad
783 1472 820 1513 ea
841 1451 920 1512 dona
942 1455 977 1512 de
999 1454 1108 1530 quibus
1130 1454 1300 1529 quaerimus
1322 1464 1402 1513 recte
1425 1454 1541 1511 videtur

199 1555 320 1615 referri.
365 1554 480 1633 Legem
507 1564 607 1615 autem
628 1552 761 1615 Cinciam
789 1574 857 1614 cum
885 1564 1001 1615 constet
1027 1556 1233 1633 prohibuisse,
1259 1557 1419 1633 quominus
1446 1556 1540 1614 cliens

199 1666 335 1737 perram
357 1656 470 1717 donum
491 1676 639 1717 munusve
661 1652 799 1734 daret²),
821 1657 925 1716 eadem
947 1659 1008 1716 alio
1030 1659 1128 1736 capite
1150 1659 1186 1717 do
1208 1660 1294 1718 donIs
1315 1680 1334 1717 a
1354 1658 1541 1735 redemptore

201 1760 397 1839 magistratui
418 1760 531 1821 oblatis
553 1760 671 1821 cavisse
692 1769 800 1838 potest.

774 2068 978 2079 ...n——

289 2374 520 2453 arpennibus
548 2375 683 2435 coloniae
712 2376 893 2435 adscribitur
921 2376 1077 2453 imperium
1108 2384 1301 2453 potestasque
1331 2377 1402 2452 (sao
1430 2392 1685 2454 quoqueI-toginra·

196 2496 282 2538 mrno
302 2482 477 2555 maiestate
495 2482 670 2555 imperiaque
692 2479 792 2551 7,16;
819 2482 901 2556 quiae
923 2488 981 2537 tam
1001 2482 1189 2553 urapistratus
1210 2483 1356 2554 irnperieaa
1374 2489 1538 2556 potestatem
1557 2475 1596 2514 ¹¹¹³
1610 2466 1679 2514 ⁰⁰¹⁰·

302 2580 416 2640 iubebit
437 2578 538 2652 6,13;
564 2580 604 2639 ci.
629 2583 657 2653 l,
671 2581 705 2641 8:
727 2580 820 2639 Heiri
840 2584 1007 2657 quicumque
1029 2584 1058 2638 in
1080 2602 1114 2639 ea
1137 2581 1247 2640 colonia
1269 2586 1467 2657 rrrapirtratam
1489 2583 1540 2640 la-

200 2682 333 2761 mune).
377 2680 551 2761 Opponitur
575 2682 635 2760 ipsi
661 2682 849 2760 magistratui
873 2682 965 2754 6,16
992 2687 1043 2759 qai
1065 2702 1122 2760 pro
1148 2703 1204 2761 pero
1230 2688 1348 2761 Imperio
1371 2694 1543 2761 potestateve

199 2794 265 2845 trra
287 2788 320 2843 in
340 2786 454 2845 colonia
472 2783 609 2845 Genetiva
630 2789 684 2844 erit
706 2784 903 2861 similiterque
927 2786 1009 2855 3,13
1031 2786 1113 2844 IIeir
1134 2786 1160 2843 ci
1183 2786 1233 2862 qui
1249 2806 1306 2863 pro
1322 2797 1461 2864 potestate
1481 2796 1542 2859 est;

200 2894 340 2965 utroque
364 2887 434 2947 loco
460 2887 632 2965 praefectus
658 2886 776 2946 ridetur
803 2887 975 2965 significari.
1021 2887 1211 2965 Quamquam
1237 2889 1308 2947 alibi
1335 2892 1361 2960 1,
1382 2888 1419 2949 29
1444 2890 1542 2948 vorbis

197 3010 262 3069 pro
296 3008 329 3049 eo
361 2992 480 3067 inperio
505 2999 646 3067 potestate
673 2988 754 3049 IIvir
780 2990 948 3067 praelectus
979 2990 1142 3069 aedIIIsque
1171 2991 1470 3068 comprehenduntur.
1503 3025 1541 3035 —

1590 2541 1649 2589 niae

202 3092 314 3153 wrm
331 3090 367 3165 6,
383 3092 436 3153 13:
464 3096 548 3169 quiue
574 3104 631 3153 tum
655 3097 841 3169 maaiatrataa
865 3096 1013 3171 imperium
1031 3103 1198 3170 potestatem
1220 3094 1384 3153 colonorum
1405 3095 1543 3170 suffropr'o

201 3204 289 3273 Μ
311 3192 410 3273 (pera
433 3193 512 3270 del.)
540 3198 676 3272 iussaque
703 3196 733 3256 C.
765 3194 902 3255 Caesarie
1006 3195 1118 3255 babebit
1155 3197 1181 3255 si
1217 3205 1297 3255 recto
1328 3197 1439 3254 tradita
1464 3206 1543 3266 sunt,

203 3296 406 3379 magistratus
431 3316 452 3357 ι
476 3297 593 3357 colonis
616 3298 661 3356 ita
681 3298 767 3357 electi
790 3309 874 3370 sunt,
902 3308 935 3356 nt
962 3298 1069 3357 deinde
1091 3318 1110 3356 a
1131 3296 1261 3357 Caesare
1283 3298 1542 3370 confirmarentur;

204 3398 294 3481 qaod
318 3416 380 3478 quo
403 3400 471 3460 inre
495 3398 561 3459 lieri
586 3399 729 3478 potuerit,
757 3402 872 3473 nescio,
899 3418 996 3476 neque
1022 3400 1061 3457 ad
1089 3401 1342 3459 confirmationem
1368 3411 1543 3478 perpetuam

207 3500 424 3563 maiacum
451 3503 527 3563 satis
547 3501 605 3561 tuit
625 3503 713 3561 nnius
734 3501 890 3561 dictatoris
913 3500 947 3561 C.
972 3500 1112 3562 Caesaris
1135 3522 1241 3561 nomeu
1264 3504 1346 3581 poni.
1387 3503 1544 3579 Magistra·

204 3614 275 3677 tas,
306 3604 361 3683 qni
389 3604 479 3683 primi
505 3611 608 3664 essent
634 3614 705 3681 post
729 3605 877 3664 coloniam
901 3605 1073 3676 deductam,
1102 3624 1163 3664 non
1191 3605 1364 3664 colonorum
1393 3605 1544 3681 suffragiis

172 3712 331 3769 wentae
356 3724 441 3779 esse,
466 3706 521 3767 sed
546 3724 566 3765 a
590 3706 743 3767 conditore
770 3708 866 3766 iactos
892 3716 1126 3767 cousentaneum
1154 3715 1201 3767 est
1221 3707 1462 3784 intellegiturque
1484 3708 1545 3765 sor-

207 3818 295 3871 tnsc
314 3808 350 3869 id
368 3810 479 3887 ipsam,
500 3826 681 3887 quamquam
703 3822 765 3869 tum
787 3809 975 3869 scribendum
997 3821 1043 3869 est
1062 3815 1184 3869 uersare.

296 3910 347 3971 Aa
367 3910 540 3989 petitionem
563 3912 708 3971 honorum
730 3931 806 3989 quae
828 3913 978 3989 pertinent
999 3933 1024 3971 c..
1041 3911 1195 3971 CXXXII
1216 3912 1253 3971 do
1271 3912 1479 3988 largitionibus
1494 3930 1543 3988 pc-
1569 3927 1625 3976 Lex
1640 3927 1672 3976 (10

206 4014 330 4075 titionis
351 4032 444 4075 uase
462 4032 523 4071 nun
545 4014 689 4073 iaciendis
712 4014 756 4089 (8,
772 4013 821 4072 25.
838 4013 907 4090 28),
934 4015 1005 4073 item
1032 4015 1069 4075 de
1092 4015 1238 4073 conviviis
1261 4015 1389 4091 publicis
1411 4023 1545 4089 tempore
1572 4002 1670 4051 ”mmm

206 4116 334 4195 petendi
354 4114 550 4193 prohibe-dle
572 4124 674 4193 aperte
695 4120 725 4174 iu
747 4116 824 4175 banc
844 4117 941 4194 legem
964 4119 1111 4176 translata
1132 4128 1200 4176 sunt
1223 4136 1261 4174 ex
1282 4118 1400 4194 legibus
1415 4116 1545 4193 publicis

151 4248 154 4255 ·
204 4218 319 4299 populi
341 4216 469 4278 Romani
495 4216 532 4275 de
558 4218 684 4291 ambitu,
711 4237 772 4295 quo
798 4229 953 4295 praeterea
980 4220 1134 4295 probabile
1162 4229 1208 4277 ost
1234 4230 1370 4297 spectare
1392 4218 1487 4296 legem
1508 4218 1545 4277 de

204 4322 279 4383 loeo
299 4318 383 4381 Indis
404 4338 466 4379 non
486 4319 585 4379 dando
607 4321 667 4379 nisi
689 4339 728 4379 ex
749 4320 941 4381 decurionum
965 4323 1082 4379 decreto
1105 4322 1147 4397 (v.
1171 4342 1199 4398 p.
1219 4320 1299 4397 132).
1339 4320 1472 4398 Tempus
1495 4341 1544 4398 pe·

204 4422 293 4485 tendi
315 4430 365 4483 est
384 4422 556 4495 biennium,
577 4442 633 4499 qao
655 4424 720 4499 qais
740 4433 821 4499 petat
839 4428 1014 4499 petitaruaee
1036 4433 1087 4497 est,
1110 4432 1141 4482 ut
1163 4426 1205 4482 ait
1226 4423 1278 4482 Iex
1300 4423 1404 4482 Tullia
1425 4423 1461 4481 de
1484 4443 1544 4480 am·

162 4550 165 4555 ·
203 4524 315 4605 bitur')
342 4524 475 4602 itemque
500 4524 574 4583 haec
594 4524 646 4585 Iex
669 4526 698 4596 8,
716 4525 763 4597 17,
790 4544 970 4603 quamquam
994 4526 1095 4602 paullo
1117 4537 1186 4603 post
1208 4546 1234 4583 r.
1253 4525 1290 4584 23
1315 4526 1352 4584 dc
1374 4544 1409 4583 co
1431 4535 1545 4584 tautum

201 4646 289 4691 nano
310 4626 426 4707 agitur,
446 4643 508 4704 qno
528 4628 598 4705 quis
619 4628 826 4707 magIstratum
848 4638 939 4706 petat.
975 4629 1034 4687 Illo
1056 4630 1123 4687 loco
1147 4646 1242 4687 aurius
1261 4629 1415 4706 petitionis
1429 4629 1546 4688 futurae

284 4956 312 5023 ¹)
343 4956 388 5009 ne
405 4956 457 5023 leg.
469 4954 497 5019 8,
511 4956 538 5019 t,
553 4958 597 5007 11.

282 5054 316 5125 ι)
344 5054 418 5109 Vide
435 5068 503 5123 qnae
520 5054 578 5107 elixi
594 5054 657 5107 rin.
676 5054 783 5109 Foreel.
805 5062 830 5120 1,
844 5060 906 5110 367.

282 5154 314 5223 ⁸)
342 5170 370 5223 p.
386 5154 439 5209 1⁸²
457 5154 559 5209 adal.
595 5154 637 5209 CI.
655 5152 816 5209 ammte
835 5162 859 5223 1,
873 5159 935 5210 408.
