3458 6292
194 544 241 611 86
785 550 934 609 riuunnn

229 664 402 671 ..—-—-.-.-.
756 664 898 669 ——m
934 664 1009 669 --..—.-
1018 663 1120 668 —-.
1132 662 1144 667 ..
1163 662 1175 666 -
1186 659 1517 667 ———--—---——-

193 736 268 793 Item
292 734 435 812 pluralia:

601 859 755 934 Aequiculi
962 859 1051 916 Eruli

603 962 707 1019 Corelli
911 979 922 1018 s
963 961 1062 1018 Fundi

604 1064 712 1122 Corioli
962 1062 1076 1121 Puteoli

196 1256 366 1317 Secundum
398 1265 566 1315 exterarum
596 1257 844 1316 consuetudinem
873 1257 1004 1333 gentium
1033 1257 1162 1314 formata
1190 1264 1259 1313 sunt
1286 1274 1304 1313 a
1332 1255 1468 1315 Gadibus
1498 1266 1529 1312 et

196 1380 215 1418 a
235 1358 379 1436 Neapoli:

605 1477 768 1537 Gaditanus
963 1478 1172 1554 Neapolitanus

197 1672 307 1747 quibus
330 1671 457 1730 sortasse
480 1671 594 1729 aceedit
612 1670 780 1743 Triditanua
803 1670 951 1746 siquidem
972 1688 1150 1747 componere
1171 1669 1240 1729 lieet
1261 1670 1317 1728 hoc
1337 1689 1444 1729 nomen
1460 1691 1528 1730 cnm

198 1775 308 1850 oppido
331 1773 442 1831 Tiider.
487 1775 515 1830 A
537 1772 724 1832 Tudertibus
747 1773 927 1830 Tudertanus
950 1772 1069 1849 quidem
1092 1773 1156 1830 fieri
1177 1774 1285 1848 potuit,
1308 1772 1360 1830 sed
1382 1781 1529 1832 mutatum

198 1887 244 1935 est
266 1877 295 1933 in
321 1876 480 1934 Tuditanus
501 1876 632 1933 fortasse
654 1882 775 1952 propter
798 1876 864 1933 soni
886 1874 1040 1946 duritiem3
1068 1895 1137 1933 narn
1159 1875 1238 1952 qnod
1261 1876 1367 1934 Ateius
1388 1877 1531 1951 probavit

198 2000 216 2037 a
239 1978 331 2036 tudite
353 1977 550 2053 veriloquium
572 1977 702 2052 (Festus
724 1995 753 2052 p.
773 1975 848 2052 352)
870 1978 957 2036 uobis
980 1977 1133 2054 probabile
1155 1988 1291 2036 nonest.
1335 1977 1476 2054 Denique
1500 1990 1532 2038 ut

199 2101 217 2138 a
238 2088 339 2138 monte
361 2080 531 2152 Montanus,
560 2081 602 2138 ita
624 2089 703 2138 reete
726 2099 744 2137 a
765 2077 868 2137 Caelio
891 2089 991 2138 monte
1014 2079 1260 2138 Caeliontontonus
1283 2080 1346 2139 sive
1370 2081 1533 2140 Caelimon-

199 2195 282 2241 tanus
303 2182 411 2240 factum
436 2193 495 2252 est3
518 2183 544 2240 ei
568 2181 679 2240 similia
700 2192 771 2240 sunt
791 2182 985 2240 Albinouanus
1010 2182 1047 2240 ab
1069 2182 1146 2240 Alba
1168 2201 1242 2240 noua
1264 2181 1385 2241 Albinae
1406 2203 1479 2241 noro
1503 2194 1534 2242 et

204 2287 406 2345 Tusciuicanus
429 2305 447 2343 a
468 2289 529 2344 ciac
552 2285 640 2342 Tusco
662 2283 804 2342 derivata.
842 2285 889 2343 Ea
909 2284 976 2343 sola
997 2294 1068 2343 sunt
1088 2284 1235 2342 voeabula
1256 2285 1430 2361 composita,
1454 2305 1533 2361 qnae

199 2390 229 2448 in
253 2396 314 2446 toto
336 2389 392 2446 hoc
415 2388 567 2445 nominum
591 2387 695 2445 ordine
717 2396 829 2445 extant.

284 2490 436 2548 Interdum
459 2489 637 2567 oppidorum
659 2489 839 2566 populorum
862 2491 1016 2568 regionum
1039 2490 1174 2548 locorum
1195 2489 1321 2547 aliorum
1336 2490 1458 2548 nomina
1473 2491 1533 2548 iam

200 2613 253 2672 per
268 2613 306 2652 aa
322 2592 463 2650 suffixum
479 2592 607 2649 formata
621 2591 789 2649 nominibus
806 2592 951 2667 originem
968 2591 1121 2650 dederunt.
1158 2592 1204 2649 Ita
1218 2592 1256 2649 ab
1272 2592 1405 2650 Aeclano
1420 2591 1533 2652 lactum
1552 2660 1555 2665 ¹

201 2703 248 2753 est
263 2694 429 2764 Aminnias,
452 2715 470 2752 a
484 2694 620 2752 Boviano
645 2703 703 2751 tam
720 2694 869 2752 Bouianus
891 2712 980 2770 quam
995 2694 1165 2764 Bouianiua
1187 2694 1225 2751 ab
1246 2693 1436 2753 Herculaneo
1457 2695 1537 2753 Her-

202 2799 335 2856 culaneus
351 2797 545 2854 Herculaneas
568 2805 597 2854 et
619 2797 656 2854 ab
678 2796 725 2855 his
746 2815 805 2855 non
823 2797 946 2854 multum
962 2795 1111 2855 diversum
1127 2795 1324 2868 Herculanua;
1349 2818 1367 2855 a
1380 2796 1539 2855 Taurania

203 2900 330 2958 fortasse
347 2899 520 2956 Tauranius.
554 2899 741 2979 Populorum
762 2900 883 2956 nomina
906 2899 1069 2957 Cassitanus
1092 2897 1270 2957 Frentronus
1289 2898 1449 2957 Germanus
1466 2900 1538 2958 His-

198 3020 294 3079 panus
315 3000 452 3060 Lucanus
468 3000 680 3060 Praetuttianus
697 2999 856 3075 Sequainus,
879 3000 988 3058 montis
1013 3001 1154 3071 l'oticoni,
1176 3001 1247 3079 pagi
1270 3000 1391 3072 Vellani,
1413 3001 1539 3061 Vomaai

202 3103 335 3162 fluminis
358 3103 493 3161 similiter
514 3102 638 3160 redeunt
659 3101 738 3160 inter
759 3101 878 3159 nomina
900 3101 1127 3178 cognominave3
1150 3102 1310 3172 interdum,
1332 3112 1365 3161 ut
1384 3101 1536 3174 Lucanus,

202 3206 347 3264 trifariam
372 3205 524 3281 (Lucanus
547 3223 670 3276 nomen,
694 3220 867 3278 cognomen,
889 3203 1039 3262 Lucaniae
1061 3202 1182 3279 nomen)
1204 3205 1345 3263 adhibita.
1390 3204 1538 3266 Similiter

202 3319 306 3368 notum
328 3315 375 3366 est
397 3326 415 3363 a
437 3306 569 3364 Traiano
592 3307 670 3364 viam
692 3306 801 3363 dictam
823 3324 891 3364 esse
913 3307 1081 3382 etreliqua
1104 3307 1242 3378 Traiana,
1266 3326 1324 3365 non
1343 3307 1536 3371 Traianiana.

203 3424 235 3470 ut
263 3413 299 3470 ab
328 3412 465 3486 Augusto
492 3408 641 3485 Aupnst03
672 3409 948 3470 interdumitamen
977 3408 1116 3485 analogia
1142 3408 1224 3481 lecit,
1253 3415 1286 3466 ut
1313 3408 1387 3467 talia
1412 3427 1537 3485 qnoque

202 3522 396 3572 mutarentur.
440 3511 486 3568 Ita
513 3511 672 3568 aanano
698 3511 826 3587 quodam
855 3519 982 3569 turmam
1009 3511 1117 3568 dietam
1143 3511 1308 3586 reperimus
1330 3509 1535 3570 Lucanionon

205 3614 313 3692 (Orell.
331 3613 443 3688 3415);
472 3631 598 3690 quocum
621 3612 836 3671 eonferendum
854 3614 1050 3670 Rornanianus
1072 3631 1179 3671 nomen
1201 3612 1395 3688 gentilicium.
1442 3616 1535 3673 Aeae-

203 3718 277 3776 dunt
296 3717 345 3773 his
366 3716 498 3774 fortasse
519 3714 686 3773 Baebianus
710 3715 864 3773 Marianus
885 3714 1004 3790 aliaque
1026 3715 1145 3787 similia,
1169 3733 1245 3792 quae
1267 3714 1356 3773 etiam
1378 3735 1417 3775 ex
1441 3718 1532 3795 genti·

202 3820 277 3878 liciis
300 3817 429 3877 derivari
450 3817 586 3893 potuisse
608 3816 747 3875 vidimus.
1280 3812 1284 3822 ’

286 3921 392 3997 Itaque
418 3938 457 3979 ex
484 3919 581 3978 formu
606 3918 741 3977 derivata
766 3918 796 3976 in
820 3938 891 3977 anas
917 3919 982 3978 sive
1004 3922 1086 3978 anius
1108 3919 1195 3977 radix
1217 3921 1285 3995 ipsa
1305 3920 1391 3978 euius
1414 3922 1534 3998 generis

203 4025 291 4083 faerit
313 4032 393 4080 certo
416 4021 530 4080 definiri
554 4021 665 4097 nequit.
709 4021 825 4079 Tamen
847 4021 1040 4097 probabiliter
1060 4021 1225 4097 comparari
1249 4031 1377 4096 possunt
1398 4022 1533 4081 derivata

204 4148 222 4184 a
247 4126 417 4184 numinibus
445 4123 631 4199 simplicibus
657 4124 688 4182 in
717 4144 737 4181 a
764 4123 981 4196 desinentibus,
1015 4122 1106 4182 veluti
1133 4124 1211 4181 Alba
1237 4125 1316 4184 Bola
1342 4118 1427 4183 Buca
1457 4123 1532 4184 Cora

207 4229 283 4288 Cosa
305 4225 405 4287 *Luca
426 4226 506 4284 Nola
526 4224 627 4284 Norba
648 4227 739 4285 Roma
762 4225 839 4286 Sora
862 4225 960 4285 Suasa
985 4226 1086 4297 Treba,
1108 4244 1175 4285 eum
1197 4226 1259 4285 his:

613 4407 711 4465 Cardo
903 4431 929 4469 to
971 4412 1058 4472 Sccio

614 4511 703 4585 Carfa
972 4515 1087 4589 Sponte

611 4609 730 4672 'Macco
975 4616 1049 4674 Telon

610 4715 700 4773 Musa
971 4715 1069 4777 *Trita

558 4839 569 4875 s
612 4813 715 4874 'Noua
977 4821 1059 4879 Vella

610 4916 701 4978 'Octa
904 4942 929 4979 rs
944 4951 965 4977 s
979 4923 1062 4980 Vasta

616 5021 677 5079 Ora
977 5024 1052 5081 Vera

612 5121 689 5180 Sala
975 5125 1053 5183 Vara

612 5224 685 5284 Sata
