3458 6292
319 490 367 559 84
850 579 853 585 Ι
914 504 1064 563 nunnus

399 682 481 739 Inter
507 685 686 759 cognomina
712 695 831 758 practer
858 693 971 760 septem
995 686 1061 755 iila,
1089 705 1165 761 qnae
1188 685 1277 742 otiam
1300 683 1421 740 nomina
1443 680 1536 738 fuisse
1560 678 1650 734 modo

316 784 459 854 vidimus,
488 786 618 861 quinqua
645 787 687 843 itu
712 787 840 845 formata
868 798 953 857 sunt,
981 798 1014 845 ut
1040 789 1159 864 possint
1186 788 1276 844 etiam
1303 805 1322 842 a
1348 783 1519 840 nominibus
1546 781 1576 837 in
1606 784 1652 835 ius

318 885 453 943 derivata
475 906 557 945 esse:

672 992 845 1050 Italicianus
1089 992 1264 1049 Torasianus

673 1093 820 1152 Parianus
1032 1113 1045 1150 s
1095 1094 1258 1152 Volteionus

672 1197 820 1272 Neptunus

316 1366 376 1426 Sed
399 1368 531 1427 Italicius
546 1371 654 1444 Regius
677 1371 731 1428 vix
753 1373 951 1448 reperientur3
975 1370 1161 1428 Turasianus
1183 1391 1202 1429 a
1216 1370 1346 1429 Toranio
1368 1367 1526 1445 proficisci,
1549 1385 1610 1424 non
1633 1385 1652 1422 a

316 1471 468 1529 Taurasia
489 1472 599 1549 oppido
623 1480 740 1530 vetusto
768 1493 806 1531 ex
833 1473 931 1550 elogio
954 1471 1106 1548 Scipionis
1129 1472 1254 1530 Barbati
1282 1471 1407 1530 senioris
1434 1478 1521 1538 noto,
1548 1488 1651 1526 exem-

315 1574 398 1648 plum
431 1575 530 1650 ipsum
564 1574 685 1632 indicat.
736 1575 870 1633 Baianas
898 1576 1058 1634 Briaionus
1086 1576 1239 1632 Dasianus
1268 1573 1441 1631 Hadrianus
1469 1572 1661 1630 Venusianus.

315 1694 386 1733 casu
412 1677 515 1734 eodem
543 1676 631 1734 modo
660 1677 788 1735 formata
815 1679 852 1735 ad
880 1677 971 1735 Baias
1001 1677 1139 1735 Brixiam
1159 1676 1288 1735 Daciam
1310 1674 1456 1733 Hadriam
1479 1673 1649 1733 Venusiam

316 1779 380 1834 sine
402 1778 491 1834 dubio
513 1778 672 1836 referenda
693 1790 777 1850 sunt;
805 1780 1002 1837 Herculaneus
1024 1790 1054 1837 et
1075 1780 1290 1838 Praetuttianus
1311 1779 1407 1855 ipsam
1431 1776 1650 1835 adieetivorum

315 1881 500 1938 ethnicorum
528 1881 653 1938 formam
682 1882 823 1940 referunt.
867 1881 929 1940 Pro
956 1882 1152 1956 Maponionus
1179 1881 1305 1938 fortasse
1334 1877 1554 1938 emendandum
1581 1896 1650 1937 esse

315 1982 509 2057 Mapontunus
533 1983 604 2041 dixi.

384 2085 447 2150 ‚Ex
476 2085 646 2142 nominibus
675 2086 704 2142 in
733 2091 816 2143 uniar
843 2097 961 2162 praeter
988 2106 1038 2155 ea,
1066 2105 1143 2161 quac
1169 2105 1235 2143 cum
1258 2083 1486 2160 cognominibus
1508 2084 1539 2140 in
1561 2088 1650 2141 ianus

314 2188 373 2244 iam
401 2187 568 2263 composui,
596 2188 653 2244 huc
680 2188 828 2263 pertinent
848 2189 995 2246 Boionius
1016 2208 1082 2246 cum
1105 2188 1222 2245 Baiano
1245 2187 1421 2264 cognomine
1442 2194 1472 2242 et
1493 2185 1650 2243 Maianius

315 2289 536 2359 Trebellianus,
564 2307 691 2364 quorum
720 2309 774 2348 nce
799 2291 949 2349 nominum
978 2309 1031 2348 nec
1057 2291 1267 2366 cognominum
1293 2289 1323 2346 in
1346 2306 1418 2346 anus
1445 2287 1559 2346 formae
1587 2290 1649 2365 pri-

314 2391 427 2449 mariae
450 2391 549 2448 adhuc
571 2401 706 2467 repertae
727 2401 805 2451 sunt.

397 2493 480 2550 Inter
508 2511 563 2550 sex
585 2501 614 2549 et
637 2495 826 2570 septuaginta
847 2495 1001 2553 nominum
1022 2495 1052 2552 in
1074 2513 1162 2566 anus,
1189 2513 1249 2551 non
1271 2495 1302 2552 in
1325 2496 1423 2562 ianus,
1450 2492 1650 2552 formatorum

314 2594 452 2671 exempla
475 2595 534 2653 duo
557 2614 576 2651 a
597 2596 771 2673 regionibus
794 2597 929 2656 derivata
950 2616 1005 2656 usu
1026 2598 1116 2656 ctiam
1139 2596 1316 2673 cognomina
1335 2595 1469 2653 suerunt:

669 2756 830 2832 Africanus
1081 2757 1220 2815 Lucanus

315 2915 384 2971 item
408 2916 445 2972 ab
468 2915 587 2991 oppidis
611 2915 746 2974 derivata
768 2917 904 2975 undecim

671 3075 804 3132 Albanus
1082 3074 1237 3132 Norbanus

670 3177 803 3234 Bolanus
1082 3176 1222 3234 Nouanus

671 3279 825 3337 Nrnarrus
1082 3278 1259 3336 Puteolanus

670 3380 838 3438 Labicanos
1014 3400 1039 3437 10
1083 3378 1216 3438 Soranus

618 3501 629 3535 s
670 3482 881 3557 Neapolitanus
1089 3482 1271 3557 I‘onasranus

671 3584 866 3642 Nomentanus

314 3736 522 3813 septendecim
545 3748 606 3795 tam
627 3738 658 3795 in
679 3758 753 3796 anus
775 3740 905 3797 formata
925 3739 1116 3815 reperiuntur
1137 3757 1227 3814 quam
1249 3740 1281 3797 in
1303 3743 1388 3798 anius
1409 3740 1499 3798 haec:

1315 3852 1319 3859 ·
1339 3834 1346 3877 1

670 3900 837 3974 Aequanius
1015 3918 1041 3956 io
1082 3899 1233 3958 Novanius

670 4003 841 4077 African-ias
1084 4003 1212 4061 Oronius

668 4103 812 4160 Albanius
1082 4103 1273 4181 Supsisanius

671 4205 827 4281 Carfanius
1081 4207 1245 4264 Tuticanius

618 4326 630 4363 s
675 4307 816 4365 Coranius
1090 4309 1280 4385 Venafranius

667 4410 851 4467 Distulanius
1013 4428 1038 4466 15
1088 4411 1243 4486 Vipsanius

669 4513 835 4570 Idnnanius
1085 4512 1254 4587 Vipstanius

668 4612 818 4671 Lucanius
1084 4613 1261 4689 Urgulaniae

667 4714 833 4773 Norbanius

312 4868 418 4944 Neque
451 4890 522 4929 vero
552 4871 722 4929 necessario
748 4869 817 4928 inde
846 4871 1031 4929 concluseris
1060 4872 1134 4929 hace
1161 4872 1263 4930 omnia
1288 4872 1425 4933 derivata
1450 4890 1520 4935 esee
1544 4882 1603 4935 aas
1627 4894 1648 4935 ι
1717 4926 1721 4963 4

312 4972 481 5029 nominibus
507 4972 537 5028 in
561 4992 633 5030 anus
662 4982 713 5028 aut
739 4993 758 5030 a
784 4973 1012 5049 cognominibus
1040 4973 1126 5048 (nam
1152 4974 1285 5034 Albanus
1304 4974 1463 5053 Firmum
1481 4972 1647 5037 Norbam
1707 4982 1721 5059 ¹i

312 5071 453 5130 Nouanus
477 5073 656 5149 Venafranos
683 5074 772 5131 modo
796 5075 922 5133 vidimus
945 5076 1034 5133 etiam
1057 5076 1236 5152 cognomine
1255 5074 1383 5155 inimi·
1407 5092 1414 5112 ⁴
1546 5076 1587 5139 dt
1605 5076 1647 5141 ib
1706 5138 1709 5143 .

312 5174 415 5232 eadem
437 5173 534 5233 radice
557 5186 681 5250 utraque
705 5177 857 5235 nominum
879 5178 985 5250 sorum,
1009 5178 1134 5243 ianuas
1155 5178 1238 5237 etin
1258 5180 1346 5243 ouius
1554 5168 1556 5173 ¹
