3458 6292
376 478 423 548 22
967 496 1106 546 naman

373 681 487 731 certum
513 680 559 730 est
584 669 723 729 indicium
751 670 799 729 hle
825 680 924 728 tamen
951 687 1010 727 non
1033 686 1105 728 casu
1127 670 1238 728 sactum
1260 688 1328 730 esse
1350 669 1477 728 videtur.
1522 670 1616 730 Deest
1639 673 1710 746 qui-

374 774 494 834 demis
516 772 580 832 eod.
602 771 699 831 Palat.
722 773 767 831 tit.
783 771 919 844 XXVII,
941 771 994 830 sed
1016 790 1083 831 cum
1106 772 1143 829 de
1165 772 1212 830 his
1235 773 1425 847 potissimum
1448 773 1622 848 accipienda
1645 774 1712 833 sint

375 877 466 935 verba
485 872 537 934 ‘ad
558 875 703 934 circulare
724 893 923 933 marmoreum
946 869 1076 951 epistile’
1099 907 1137 916 -
1165 873 1195 931 id
1217 875 1298 950 quod
1321 876 1505 933 demonstrat
1527 875 1710 934 circulorum

374 978 535 1038 delineatio
557 977 672 1037 adiecta
694 1010 735 1020 —
757 978 901 1036 omissum
922 994 992 1035 esse
1013 984 1096 1052 patet
1117 994 1199 1034 mero
1221 996 1331 1035 errore.
1371 977 1476 1034 Titulo
1492 976 1599 1035 XXVI
1620 997 1710 1053 prse-

375 1080 452 1140 cedit
473 1082 505 1140 in
525 1080 590 1141 eod.
614 1080 680 1140 Pal.
702 1081 812 1139 lemma
830 1075 926 1137 ‘aliud
947 1074 1149 1155 epigramma?
1184 1078 1328 1156 Epistylii
1352 1097 1419 1137 esse
1434 1078 1553 1138 titulum
1568 1079 1708 1152 XXVII,

376 1185 438 1242 veri
461 1183 645 1242 simillimum
669 1190 730 1254 est;
752 1182 809 1240 hoe
835 1191 934 1240 tamen
955 1182 1134 1250 notandum,
1161 1180 1198 1238 de
1220 1181 1394 1256 Aesculapii
1421 1191 1451 1239 et
1473 1180 1589 1240 Dianae
1611 1182 1711 1241 Ther·

374 1287 453 1345 miae
474 1285 586 1364 templo
608 1285 809 1343 coniecturam
831 1284 916 1342 illum
937 1284 1075 1360 quisquis
1096 1290 1143 1342 est
1165 1281 1273 1342 iecisse
1294 1302 1333 1341 ex
1354 1283 1429 1358 ipsis
1444 1284 1599 1342 titulorum
1612 1285 1710 1343 XXV

377 1399 407 1448 et
427 1386 538 1446 XXVI
561 1387 660 1445 verbis
682 1386 835 1457 haustam,
863 1403 987 1461 eamque
1009 1385 1214 1445 falsissimam.
1257 1384 1354 1443 Immo
1376 1382 1518 1463 templi¹)
1540 1388 1710 1446 consecrati

375 1489 468 1548 index
488 1490 630 1566 epistylio
651 1488 821 1564 insculptus
842 1495 888 1546 est
906 1476 1117 1570 Αὐτοκράτορος
1137 1477 1199 1543 Sto
1223 1529 1313 1546 .....
1335 1478 1383 1544 nal
1396 1477 1576 1547 'Andidtwvoc
1590 1481 1712 1570 Θερμῖω,

378 1591 458 1652 sieut
482 1591 514 1650 In
535 1591 656 1668 Mylasii
682 1590 784 1668 templi
810 1590 949 1667 epistylio
976 1590 1121 1666 scriptum
1148 1589 1206 1647 luit
1227 1580 1417 1672 Αὐτοκράτορι
1440 1583 1559 1674 Καίσαρι
1587 1597 1643 1650 cet.
1668 1625 1710 1636 -

377 1683 426 1752 aui
446 1689 511 1766 θοᾷ
529 1682 636 1770 Ῥώμῃ,
657 1710 717 1769 quo
738 1692 878 1769 exemplo
901 1692 990 1750 simul
1012 1690 1153 1751 Caesaris
1175 1710 1284 1751 nomen
1305 1693 1353 1750 dei
1375 1694 1488 1752 nomini
1509 1695 1711 1771 praemissum

379 1806 550 1857 excusatur.
593 1793 692 1853 Doleo
718 1796 799 1871 quod
820 1795 970 1854 nescimus
992 1813 1149 1871 quemnam
1172 1795 1386 1873 imperatorum
1407 1794 1544 1871 Apollini
1565 1795 1711 1856 Thermio

379 1898 629 1977 Mytilenaeorum
655 1898 752 1974 pietas
778 1897 1009 1968 consociarerit3
1036 1886 1156 1978 Ν[ἔρουα
1178 1886 1305 1980 Tpam'vu
1328 1904 1462 1956 secutum
1484 1914 1551 1955 esse
1572 1897 1713 1957 Henzeni

382 2009 428 2062 est
449 1999 629 2059 coniectura.
665 1998 755 2059 Certo
777 2000 816 2058 ad
837 1999 920 2077 ipsas
936 1999 1083 2058 Thermas
1106 2000 1234 2075 pertinet
1256 1998 1359 2057 titulus
1375 1999 1493 2070 XXVI,
1514 2019 1573 2076 quo
1595 2000 1665 2058 fons
1682 2011 1713 2060 et

382 2101 584 2180 aquaeductus
599 2101 716 2161 DIanae
731 2101 892 2160 Thermiae
914 2101 1047 2179 dicatur„
1057 2099 1219 2160 Cenchreis
1233 2099 1347 2159 Lesbia
1367 2101 1498 2176 quadam
1520 2102 1557 2159 ab
1579 2103 1653 2161 urbe
1670 2137 1713 2148 -

381 2205 512 2264 eiusdem
534 2203 663 2263 nominis
684 2203 826 2280 oppidum
847 2205 879 2262 in
902 2203 1021 2262 Troade
1042 2202 1138 2263 fuisse
1159 2203 1283 2262 adnotat
1297 2202 1420 2261 Boeckh
1443 2204 1494 2280 qui
1516 2204 1611 2263 edidit
1633 2203 1668 2264 C.
1686 2206 1713 2264 1.

383 2305 463 2367 2172
487 2338 525 2349 -
548 2307 588 2365 ad
600 2306 764 2383 Mytilenen
787 2324 882 2381 usqne
903 2304 1071 2382 perductus.
1102 2304 1267 2365 Dedicator
1281 2305 1370 2364 Ditas
1392 2307 1514 2382 quidam
1536 2306 1631 2365 fuisse
1646 2325 1714 2366 cre·

381 2410 473 2480 ditur,
500 2409 590 2469 homo
617 2408 706 2484 plane
731 2415 939 2484 portentosus,
966 2426 1021 2468 nec
1046 2408 1142 2486 patris
1169 2427 1223 2467 nec
1249 2409 1364 2484 patriae
1386 2409 1504 2467 nomine
1527 2408 1628 2467 addito
1650 2429 1714 2468 uno

381 2513 502 2572 nomine
535 2530 630 2587 eoque
660 2511 763 2587 ignoto
792 2516 959 2570 contentus.
1008 2509 1122 2569 Nescio
1150 2510 1223 2586 quid
1251 2509 1438 2586 corruptelae
1465 2510 1558 2568 lateat
1585 2520 1614 2569 et
1642 2530 1714 2571 cum

381 2615 485 2674 eadem
512 2613 604 2673 verba
626 2602 766 2694 Ἀρτέμιδι
793 2601 901 2687 εὗακόῳ
930 2604 1019 2671 Achae
1046 2613 1135 2670 etiam
1165 2630 1258 2690 supra
1285 2613 1315 2669 in
1344 2612 1432 2670 titulo
1454 2612 1534 2671 XXI
1562 2614 1715 2689 legantur,

383 2716 580 2776 coniectando
607 2715 752 2774 abstineo.
776 2747 813 2756 -
844 2712 993 2772 Videntur
1015 2715 1127 2791 scripta
1148 2715 1221 2773 haec
1242 2713 1337 2773 fuisse
1359 2733 1419 2790 quo
1440 2695 1509 2773 locri
1531 2733 1611 2791 aqua
1633 2714 1715 2775 Cen-

382 2819 479 2878 chreis
501 2817 627 2877 deducta
647 2819 679 2875 in
701 2815 897 2874 Thermarum
919 2815 1036 2875 alveum
1059 2833 1090 2874 se
1112 2815 1291 2874 effundebat.

468 2919 606 2997 Denique
626 2919 671 2979 tit.
687 2916 781 2976 XXV
796 2918 871 2976 mire
893 2928 1050 2993 corruptus
1071 2916 1198 2976 traditur
1219 2918 1250 2976 in
1266 2920 1440 2997 apographo
1455 2919 1600 2994 Pariana,
1622 2921 1716 2982 inter·

384 3021 504 3102 polatus
526 3023 600 3082 adeo
621 3021 653 3080 in
675 3019 740 3080 cod.
763 3019 830 3079 Pal.
851 3021 931 3079 hune
952 3019 984 3078 in
1005 3018 1140 3078 modum:

813 3199 1072 3254 praterea-tou
1089 3177 1218 3254 ιΡεΥῑ.
1233 3201 1294 3254 οιΑ

814 3280 1253 3357 οεΝεοῑΤο.ῑοτΗΡοῑ

813 3403 1082 3459 sarnunto-au
1103 3383 1237 3459 isesVz

813 3506 1115 3561 sissinaezsioiz

386 3679 437 3738 nbi
457 3676 522 3736 v.4
543 3685 622 3737 reete
638 3675 748 3738 Gruter
770 3698 808 3737 ex
831 3677 896 3736 cod.
912 3668 1048 3743 Δεσβῖοιο
1069 3677 1171 3738 edidit.
1213 3679 1336 3739 Boeckh
1359 3678 1393 3739 0.
1409 3680 1435 3738 1.
1451 3678 1532 3739 2194
1554 3680 1718 3742 Niebuhrii

386 3779 562 3858 apographo
589 3779 676 3852 fisus,
708 3781 761 3857 qui
787 3771 912 3845 Λέσβιος
938 3780 1017 3839 male
1045 3781 1177 3858 legerat,
1205 3782 1343 3841 lacunam
1372 3782 1545 3860 descripsit:
1578 3778 1627 3841 <hd
1655 3777 1715 3850 βίω

386 3881 399 3959 [
401 3924 491 3942 .....
493 3881 506 3958 ]
529 3872 666 3954 Atridam
688 3883 720 3940 in
742 3883 935 3941 adnotatione
956 3893 1054 3942 tamen
1069 3874 1205 3947 Λεσβίοις
1226 3883 1383 3942 lectionem
1406 3903 1479 3944 sano
1499 3886 1611 3944 iudicio
1628 3904 1718 3962 prae-

387 3984 464 4045 tulit.
505 3984 590 4043 Idem
616 3984 715 4042 verani
740 3986 836 4060 primo
861 3985 1066 4044 violentiorem
1093 3985 1240 4044 medelam
1266 3986 1417 4046 adhibuit:
1447 3978 1718 4071 παν[ηγορια’ρχα]ς

386 4077 435 4146 uui
456 4076 552 4171 ἱερούς.
595 4083 662 4143 Neo
688 4085 794 4144 mirum
819 4087 900 4162 quod
926 4086 1003 4145 male
1024 4088 1134 4146 tradita
1155 4087 1289 4146 fraudem
1311 4089 1338 4147 ei
1359 4089 1502 4148 iecerunt.
1545 4091 1718 4167 Integriora

388 4197 523 4269 praestat
543 4189 749 4266 apographum
764 4189 945 4248 Parianum:
970 4193 1328 4261 ΟΜΑΣΚΑΙΠΑΝΙΡΕΥΣ,
1351 4209 1476 4266 qnorum
1499 4193 1636 4267 quemvis
1655 4213 1717 4252 non

387 4292 527 4351 omnibus
553 4291 685 4351 numeris
711 4299 791 4350 certa
812 4292 969 4367 contigerit
990 4293 1154 4364 restitutio,
1182 4302 1280 4350 tamen
1303 4303 1381 4351 reete
1403 4294 1474 4351 mihi
1497 4295 1599 4352 videor
1619 4295 1716 4353 homi·

387 4394 436 4454 nis
458 4411 566 4453 nomen
587 4394 756 4470 agnovisse.
791 4392 925 4453 Litteras
947 4394 1025 4451 enim
1047 4396 1226 4451 ΑΣΚΑΙΠΑΝ
1250 4395 1281 4453 in
1304 4398 1532 4453 exananiens
1556 4397 1716 4456 mutandas

389 4513 495 4556 censeo
523 4495 552 4552 h.
573 4515 599 4554 e.
617 4485 864 4572 Ἀσκλ[α]οιοὲδα;
891 4505 960 4572 post
987 4500 1007 4552 Α
1035 4495 1122 4554 facile
1149 4500 1171 4551 A
1199 4496 1298 4555 littera
1324 4497 1498 4557 intercidere
1523 4500 1630 4575 potuit.
1674 4500 1717 4558 Et

389 4598 445 4656 hoc
472 4597 590 4675 quidem
616 4599 711 4674 patris
737 4615 845 4657 nomen
871 4604 932 4669 est,
958 4597 1005 4656 eni
1030 4598 1229 4673 praecedebat
1253 4599 1347 4676 ipsius
1371 4602 1532 4660 sacerdotIs
1555 4621 1661 4661 nomen
1683 4602 1715 4658 in

390 4681 469 4775 ese]
491 4698 641 4759 desinens.
664 4699 834 4760 Memineris
855 4693 904 4756 dni
926 4689 1025 4776 pivone
1047 4700 1184 4776 Asclepii
1206 4699 1302 4760 luisse
1323 4692 1522 4777 sacerdotem,
1549 4705 1640 4780 igitur
1661 4722 1716 4779 pa-

469 5002 493 5066 ¹)
522 5004 552 5057 si
571 5004 673 5069 quidem
692 5003 742 5055 tuit
760 5006 857 5070 templi,
877 5021 930 5056 non
948 5006 1061 5070 ipsorum
1081 5006 1232 5059 balneorum
1251 5008 1359 5058 alienius
1378 5008 1457 5071 partis
1471 5009 1629 5071 epistylium
1649 5008 1716 5057 sient

390 5097 419 5147 in
443 5097 518 5146 titulo
536 5096 650 5162 Ephesio
670 5096 699 5148 O.
717 5098 739 5148 Ι.
758 5099 788 5148 L.
807 5098 858 5160 111,
878 5099 932 5148 424
957 5100 1129 5163 aquaeductus
1153 5099 1259 5151 Deanae
1278 5100 1405 5164 Ephesiae
1429 5107 1455 5149 et
1479 5101 1540 5165 imp.
1561 5101 1665 5150 Caesari
1690 5109 1716 5148 et

392 5189 434 5239 Ti.
454 5188 560 5240 Caesari
578 5191 648 5254 Aug.
666 5188 685 5240 f.
705 5196 730 5239 et
749 5189 847 5242 civitati
864 5184 960 5256 Ephes.
979 5191 1086 5242 dicatur.
