3458 6292
644 500 801 561 Qn'sus‘r.
822 501 1040 551 oxonmron.
1062 502 1085 550 1.
1483 479 1529 547 83

280 673 328 731 Ex
351 673 523 731 nominibus
544 674 706 748 gentilioiis
729 675 759 731 in
781 694 864 745 antes,
886 693 963 749 quau
986 676 1013 731 iu
1031 684 1193 748 conspectu
1210 674 1307 729 locum
1324 674 1458 729 obtinent
1475 674 1533 748 pri·

197 794 293 847 mum,
321 794 360 833 en
385 793 522 834 seorsum
550 776 766 833 considerando
791 785 875 847 sunt,
904 794 981 850 quim
1007 776 1146 833 similitor
1173 784 1261 850 atquo
1283 775 1475 852 cognomina,
1503 784 1536 831 ut-

198 896 295 955 supra
320 878 439 949 monui,
466 878 498 935 in
521 881 618 935 ionius
645 879 842 935 terminantur
863 898 923 935 non
945 879 975 935 in
998 898 1086 948 uirus,
1112 896 1235 935 numum
1259 877 1390 953 triginta.
1435 876 1535 933 Minus

197 988 281 1037 certa
302 977 526 1055 (Wacerianus
548 976 744 1055 'Osenianus)
766 981 886 1051 omitto3
912 981 1043 1056 quinquo
1069 1000 1171 1037 eorum
1199 979 1236 1035 nd
1263 989 1334 1036 uoto
1356 979 1533 1053 oppidorum

197 1082 322 1139 nomina
343 1082 448 1141 referri
472 1090 612 1156 possunt:

597 1231 599 1234 ‚
664 1244 816 1305 Bouianus
867 1246 904 1303 nd
926 1246 1092 1304 Bovianum

668 1348 843 1407 (trallianos
869 1348 907 1405 nd
929 1347 1065 1407 Cerellos

670 1450 696 1506 T
695 1454 806 1508 isianus
870 1450 907 1507 nd
931 1450 1045 1508 Tisiam

672 1552 817 1609 I'arionus
872 1552 909 1609 od
932 1552 1056 1609 Varium

610 1673 622 1710 u
672 1654 841 1713 Vitellianus
872 1654 911 1711 nd
932 1654 1099 1712 Bovianum

195 1818 309 1894 quibus
333 1818 465 1877 fortusse
487 1818 602 1877 oooedit

469 1982 638 2041 Bactrianus
660 1981 698 2039 sd
719 1981 849 2059 Ligures
871 1981 1041 2039 Bnobinnos
1064 1981 1262 2039 referendum.

198 2142 270 2203 Hoc
295 2154 327 2203 et
345 2144 499 2203 Bouianus
520 2144 622 2203 undem
646 2146 762 2203 rationo
784 2154 874 2221 atquo
896 2144 1030 2201 locorum
1054 2144 1173 2201 numina
1196 2145 1330 2202 derivato
1352 2152 1421 2201 sunt
1444 2138 1535 2215 (undu

202 2264 262 2303 non
290 2248 397 2307 mirum
425 2249 515 2306 etium
538 2247 699 2305 Bouianius
727 2267 835 2305 nornen
863 2248 997 2321 oxtnru);
1023 2246 1149 2303 Baebius
1171 2246 1281 2304 Bovius
1303 2248 1372 2303 itum
1399 2247 1535 2303 Corellius

205 2347 237 2421 (a
260 2346 402 2407 Comitio
428 2350 557 2408 fortasse
583 2368 642 2407 non
669 2349 835 2423 diversum)
862 2349 1015 2426 gentilicio
1041 2357 1112 2405 notu
1140 2359 1224 2417 sunt;
1251 2349 1367 2423 reliqua
1394 2348 1533 2406 trintum

209 2466 228 2503 a
245 2452 403 2525 gentiliciis
417 2452 513 2509 Titius
537 2452 641 2511 lorias
662 2450 794 2509 Vitellius
809 2470 898 2527 quum
913 2472 932 2508 a
946 2452 1078 2508 locorum
1095 2450 1267 2507 nominibus
1282 2458 1444 2527 potueruut
1459 2451 1536 2506 duri-

212 2552 284 2608 uri.
326 2552 402 2612 Octo
425 2562 485 2611 tom
508 2554 629 2612 nomino
649 2572 739 2630 quam
761 2554 939 2631 cognomino
961 2553 1092 2610 fuerunt:

564 2727 709 2787 Curianus
919 2747 930 2784 s
975 2727 1120 2784 Teutonus

562 2831 726 2889 Flauianus
975 2830 1002 2885 Τ
1001 2833 1120 2885 roianus

560 2932 709 2991 Parianus
984 2932 1120 2989 titianus

560 3034 685 3095 Seianus
980 3034 1125 3092 Varianus

242 3196 279 3257 in
298 3212 323 3261 ut
338 3208 423 3269 rideri
449 3211 567 3287 possint
592 3230 631 3269 ex
657 3220 742 3288 parte
765 3228 911 3268 conversa
931 3228 999 3267 esse
1021 3229 1059 3267 ex
1082 3211 1292 3285 cognominum
1315 3229 1370 3268 usu
1392 3230 1484 3286 pravo
1506 3211 1535 3268 iu

244 3304 375 3379 gentilium
394 3312 458 3371 eius
479 3314 598 3390 generis
620 3323 693 3390 puto
708 3314 835 3372 'fusioni
856 3311 985 3369 nominis
1007 3312 1151 3387 gentilioii
1166 3312 1336 3389 exemplum
1352 3330 1428 3370 osse.
1462 3312 1504 3372 Ut
1519 3333 1537 3369 a

245 3410 434 3477 cognominibus
455 3415 487 3473 in
503 3434 586 3487 onus,
607 3415 650 3474 ita
671 3436 690 3473 a
711 3435 765 3475 sex
787 3433 889 3473 uorum
911 3414 1064 3492 gentilicia
1084 3414 1213 3473 formato
1230 3416 1394 3491 reperimus
1409 3415 1439 3472 in
1456 3418 1514 3472 iun:

565 3590 715 3650 Bouianus
971 3588 1134 3647 Borion-ius

569 3694 711 3753 Curianus
976 3691 1133 3751 Carionius

567 3796 697 3855 Foionus
974 3795 1118 3853 Faionius

567 3896 732 3957 Soanianus
974 3898 1149 3956 Sconianius

511 4019 524 4057 s
567 3997 691 4059 Seianus
976 4000 1110 4058 Sciamus

574 4102 698 4161 Vetanus
982 4102 1116 4160 Veianius

160 4262 165 4311 Ρ
248 4250 343 4329 Romu
358 4278 605 4351 quattuordecim,
627 4296 704 4354 quau
726 4286 854 4354 possunt
875 4288 934 4334 tam
958 4296 976 4333 a
998 4277 1156 4352 gentilitiis
1172 4275 1306 4332 derivata
1327 4292 1394 4331 osso
1417 4276 1464 4350 (ut
1479 4282 1536 4332 tru-

173 4378 176 4383 ·
249 4353 319 4427 ditm
334 4386 374 4436 est
392 4380 423 4437 iu
446 4378 590 4439 Traianus
612 4379 750 4455 Seianus)
772 4397 863 4455 quum
886 4399 904 4436 o
926 4379 1059 4436 locorum
1082 4379 1252 4435 nominibus
1276 4379 1363 4433 huuc:

568 4556 722 4615 Annianus
973 4554 1119 4611 Nerianus

569 4658 722 4717 Babionus
976 4657 1108 4714 Roianus

570 4760 726 4837 Clepiouus
910 4776 936 4815 or
979 4759 1175 4816 Rrrnranr‘onus

572 4863 727 4923 Curtiunus
979 4862 1139 4918 Satrianus

514 4984 526 5022 s
569 4964 718 5023 Lusianus
980 4960 1130 5020 Stationus

569 5066 758 5125 Muetilionos
978 5065 1132 5121 Yebeionus

570 5168 728 5227 Marianus
989 5167 1167 5226 i'elineianus
