3702 5966
380 579 427 650 2ss
972 592 1122 654 abanan

378 774 477 850 iisque
511 775 620 850 partim
650 776 749 834 dubiis
777 785 948 847 versantur3
985 794 1078 852 quare
1109 776 1190 852 leges
1219 795 1294 853 quas
1320 775 1389 834 inde
1416 776 1560 835 deducere
1589 777 1713 836 student

379 876 533 952 generales
559 894 664 951 parum
691 886 789 936 certae
817 886 895 937 sunt.
941 876 1030 951 Quod
1057 879 1153 954 siquis
1175 878 1278 937 vitium
1300 877 1421 948 omnino
1443 879 1538 938 vitare
1560 879 1654 952 volet,
1680 880 1711 938 ei

380 998 399 1037 a
419 978 644 1054 quaestionibus
664 980 911 1057 onomatologicis
935 1001 1012 1040 nunc
1034 980 1153 1058 quidem
1176 999 1301 1057 prorsus
1324 981 1532 1040 abstinendum
1555 991 1610 1042 est.
1653 981 1711 1041 Ni-

378 1080 442 1138 hilo
464 1100 535 1139 vero
563 1081 656 1139 setius
677 1083 775 1140 visum
801 1083 877 1141 mihi
903 1093 950 1142 est
971 1103 988 1143 a
1010 1103 1042 1142 re
1065 1101 1133 1142 esse
1158 1103 1197 1142 ex
1220 1083 1327 1142 studiis
1349 1084 1422 1142 olim
1443 1085 1591 1144 incohatis
1612 1102 1711 1161 neque

380 1201 451 1240 vero
478 1201 607 1258 unquam
635 1186 777 1261 sepositis
805 1185 835 1244 in
863 1185 1015 1262 singulare
1037 1187 1187 1261 quoddam
1210 1187 1362 1244 nominum
1383 1204 1477 1262 genus
1500 1187 1711 1246 illustrandum

379 1285 451 1362 quid
472 1283 639 1345 redundare
660 1288 757 1365 possit
772 1288 909 1346 utilitatis
922 1288 1033 1347 iudicio
1049 1289 1211 1366 peritorum
1227 1288 1370 1358 subicere,
1393 1288 1508 1348 etiamsi
1524 1289 1711 1365 quaestionis

379 1387 604 1448 fundamentum
626 1409 687 1448 non
708 1407 804 1466 usque
826 1409 946 1467 quaque
966 1390 1084 1450 firmum
1106 1399 1136 1448 et
1157 1390 1328 1450 absolutum
1350 1407 1416 1448 esse
1438 1409 1498 1449 non
1519 1392 1634 1466 ignoro.

463 1487 553 1563 Quod
573 1493 760 1568 grammatici
782 1492 889 1551 docent
910 1493 1032 1552 nomina
1047 1493 1199 1569 gentilicia
1212 1493 1351 1551 Romana
1368 1493 1460 1551 inias
1479 1493 1602 1551 formari
1618 1493 1712 1552 solita

380 1610 462 1665 esse,
486 1593 516 1650 id
543 1611 600 1652 asa
622 1613 741 1671 quoque
762 1595 949 1672 comprobari
972 1603 1075 1655 notum
1097 1603 1157 1666 est3
1184 1615 1252 1654 nam
1275 1596 1396 1654 aomina
1417 1594 1549 1671 gentium
1570 1595 1710 1672 patricia-

378 1714 445 1755 rum
471 1703 620 1772 quotquot
640 1697 779 1756 novimus
799 1699 883 1756 nullo
906 1707 1047 1774 excepto,
1073 1697 1144 1756 item
1166 1697 1331 1756 nobilitatis
1353 1696 1489 1773 plebeiae
1510 1705 1626 1756 tantum
1648 1719 1710 1756 non

379 1799 481 1857 omnia
501 1800 533 1857 in
554 1801 600 1856 ias
621 1797 867 1876 terminantur1).
901 1799 1017 1858 Tamen
1038 1809 1156 1875 praeter
1177 1799 1321 1858 suffixam
1341 1798 1491 1875 quodest
1510 1803 1555 1858 ias
1577 1799 1709 1874 (siveja,

379 1910 414 1959 ut
439 1920 505 1960 cum
531 1902 741 1978 grammaticae
767 1910 956 1978 comparatae
981 1901 1154 1962 doctoribus
1175 1899 1345 1978 loquamur)
1372 1919 1449 1977 quae
1476 1900 1566 1960 etiam
1593 1901 1710 1978 origine

379 2004 417 2061 ab
443 2004 510 2080 ipso
537 2023 598 2063 non
624 2003 743 2062 diversa
764 2004 901 2064 videatur
921 2004 1016 2063 fuisse
1038 2023 1106 2064 aeas
1129 2003 1223 2079 (quod
1246 2003 1411 2079 antiquitus
1432 2007 1497 2060 aias
1519 2004 1590 2075 fuit,
1619 2002 1709 2064 Oscis

378 2105 506 2165 fortasse
528 2124 613 2180 anas,
641 2107 750 2166 rustice
772 2107 840 2182 eas)
868 2109 978 2165 eteius
1001 2105 1111 2164 suffixa
1137 2107 1219 2164 omni
1241 2115 1375 2182 ternpore
1395 2105 1616 2182 gentiliciorum
1638 2127 1710 2183 pro-

345 2208 348 2226 '
379 2207 447 2284 pria
467 2209 599 2280 fucrant,
622 2216 654 2268 ut
675 2211 707 2269 in
722 2209 859 2269 Annaeus
874 2209 1030 2285 Poppaeus
1052 2218 1082 2267 et
1097 2207 1238 2266 Danaeius
1253 2208 1404 2284 Pompeias
1426 2226 1493 2266 oum
1511 2207 1708 2286 similibos2).

380 2308 439 2370 Sed
460 2330 497 2368 us
519 2311 551 2369 in
572 2311 630 2370 hnc
652 2313 773 2390 quidem
795 2331 863 2371 aeas
886 2315 944 2369 sias
966 2313 1011 2368 ias
1034 2311 1210 2370 suffixorum
1234 2319 1427 2386 cognatorum
1450 2311 1593 2370 varietate
1614 2313 1710 2390 genti-

378 2413 514 2472 liciorum
537 2415 690 2473 nominum
711 2414 850 2472 formatio
872 2431 939 2474 sese
961 2413 1116 2472 continuit.
1148 2411 1193 2471 Ut
1213 2430 1307 2471 novae
1329 2431 1448 2488 semper
1468 2422 1573 2491 gentes
1595 2417 1710 2475 nomini

378 2514 487 2574 Latino
514 2515 705 2577 accesserunt
732 2517 859 2593 indeque
885 2515 1041 2593 paullatim
1068 2515 1215 2574 succrevit
1240 2516 1369 2592 populus
1391 2515 1546 2575 Romanus
1573 2536 1627 2593 per
1647 2519 1710 2576 Ita·

378 2618 450 2676 liam
477 2625 507 2677 et
528 2628 614 2679 extra
636 2639 701 2678 eam
724 2619 755 2676 in
776 2619 948 2696 provincias
971 2634 1109 2696 sparsus,
1136 2619 1180 2675 ita
1200 2635 1297 2676 novae
1317 2627 1499 2693 propagatae
1522 2627 1593 2678 sunt
1614 2621 1710 2696 genti-

378 2719 515 2779 liciorum
538 2723 690 2780 nominum
712 2722 835 2794 formae,
858 2739 944 2797 quae,
967 2728 1000 2778 ut
1021 2719 1091 2778 illas
1114 2719 1234 2798 propris
1255 2717 1382 2778 Latinas
1404 2720 1502 2780 dicere
1523 2721 1601 2793 licet,
1624 2740 1710 2798 pere·

378 2823 482 2900 grinae
507 2823 626 2899 quidem
647 2825 768 2882 luerunt
788 2823 918 2900 origine,
946 2823 999 2881 sed
1020 2832 1119 2881 tamen
1141 2823 1247 2880 eodem
1269 2829 1360 2898 atquc
1382 2821 1452 2880 illae
1472 2822 1537 2881 iurc
1559 2825 1710 2884 communi

379 2941 435 2983 asu
456 2932 601 3000 receptae.
637 2926 686 2984 Ita
700 2925 820 2984 Tuscae
842 2924 967 3002 originis
988 2924 1110 2983 nomina
1130 2925 1269 2982 novimus
1291 2922 1322 2981 in
1343 2941 1413 2982 erna
1434 2922 1528 3001 (qaod
1543 2945 1618 2985 arna
1632 2927 1709 2986 anti-

381 3027 483 3100 quitus
504 3027 561 3085 t'uit
583 3037 615 3085 ut
634 3027 666 3086 in
680 3026 851 3104 Mastarna)
874 3035 904 3085 et
925 3045 1007 3098 enna,
1029 3026 1121 3085 veluti
1137 3025 1286 3101 Perperna
1304 3026 1464 3101 Topanta,
1487 3045 1623 3103 quaeque
1641 3047 1708 3088 cum

381 3128 429 3187 his
452 3135 515 3188 arte
536 3128 695 3188 coniuncta
716 3137 785 3189 sant
805 3130 836 3188 in
857 3133 908 3188 ina
929 3144 959 3188 et
980 3133 1059 3202 inna,
1081 3128 1164 3186 velat
1188 3126 1314 3187 Caecina
1331 3128 1494 3205 Spurinna3
1517 3127 1658 3190 Umbriae
1680 3140 1713 3189 et

382 3227 562 3291 Sabinorum
588 3232 711 3310 propria
736 3241 806 3291 sunt
830 3231 958 3290 formata
983 3231 1013 3288 in
1036 3249 1109 3289 anas
1132 3248 1199 3289 aras
1226 3228 1321 3305 (quod
1347 3231 1511 3306 antiquitas
1535 3231 1593 3291 trit
1613 3237 1711 3293 anans

335 3394 337 3403 ,
381 3333 485 3408 enatis)
508 3341 538 3392 et
558 3332 772 3410 inostinatis),
794 3334 878 3393 ouius
900 3333 1017 3410 generis
1039 3333 1128 3391 etiam
1150 3332 1330 3410 cognomina
1351 3333 1498 3392 nonnulla
1517 3334 1550 3394 ia
1570 3353 1628 3395 asu
1645 3335 1711 3396 ine·

380 3435 500 3511 rant³).
533 3435 689 3495 Accedunt
709 3437 825 3495 rariora
844 3435 992 3513 quaedam
1014 3437 1045 3495 in
1068 3454 1137 3496 acas
1154 3432 1283 3506 Galliae,
1306 3436 1338 3493 in
1357 3439 1418 3494 icas
1432 3435 1555 3496 Africae
1576 3448 1607 3497 et
1620 3436 1711 3498 Lusi·

381 3538 480 3597 taniae
502 3538 634 3615 propria,
656 3539 739 3597 velut
760 3537 919 3597 Auidiacas
945 3539 1095 3598 Cataricas
1117 3535 1277 3614 Pagasicus
1300 3537 1507 3598 Sammonicus.

463 3640 564 3717 Atque
593 3641 630 3699 ab
658 3640 835 3718 oppidorum
861 3641 1031 3699 nominibus
1058 3639 1192 3698 derivata
1217 3657 1283 3699 esse
1310 3641 1432 3700 nomina
1456 3641 1486 3698 in
1509 3659 1582 3700 anas
1609 3639 1710 3717 (ouius

381 3741 478 3801 solum
498 3743 628 3802 innotuit
649 3743 818 3819 exemplum
839 3743 977 3816 Mesenae
1000 3739 1094 3801 Orell.
1110 3741 1206 3816 4080)
1229 3761 1298 3800 enas
1319 3746 1385 3800 inas
1409 3742 1540 3820 (Adenas
1560 3743 1710 3820 Asprenas

385 3841 527 3904 Carrinas
549 3847 685 3922 Felpinas
708 3847 835 3904 maenaa
858 3845 999 3920 lblpinas
1021 3843 1151 3903 Larinas
1171 3843 1323 3904 Maecenas
1347 3843 1487 3904 Sassinas
1502 3846 1637 3905 Sentinas
1652 3844 1736 3904 San

375 3948 465 4022 senas
491 3947 615 4007 Suriam
641 3945 782 4025 *Uscana
809 3947 919 4024 quibas
945 3946 1033 4005 etiam
1061 3945 1285 4004 adnumeranda
1313 3955 1385 4006 sunt
1412 3947 1519 4006 Antias
1547 3959 1577 4007 et
1605 3947 1710 4006 Menas

381 4048 509 4108 Mmates
532 4047 702 4109 c.1.L.1
723 4048 781 4116 633
810 4059 841 4108 et
859 4049 1042 4108 Umbrorum
1067 4045 1209 4124 Copidas)
1236 4057 1288 4106 aut
1309 4068 1363 4124 per
1384 4066 1416 4107 se
1437 4057 1535 4125 patet,
1561 4069 1627 4109 oum
1654 4068 1709 4127 op·

381 4151 453 4228 pida
473 4151 550 4210 unde
572 4151 744 4210 derivantur
765 4159 837 4210 nota
858 4152 932 4220 sint,
955 4159 1007 4208 aut
1028 4167 1172 4225 perquam
1194 4150 1347 4225 probabile
1369 4159 1424 4224 est,
1445 4153 1621 4229 praesertim
1642 4171 1710 4210 carn

380 4254 459 4313 idem
479 4253 591 4314 indicet
611 4253 758 4312 Varronis
780 4252 982 4312 testimonium
1004 4251 1056 4329 (do
1076 4253 1097 4311 l.
1113 4251 1149 4310 L.
1173 4252 1283 4311 dextr.
1306 4254 1370 4311 linc
1391 4272 1501 4330 quoqne
1522 4254 1575 4312 illa
1594 4257 1710 4312 nomina

381 4352 493 4415 Lesas*
519 4354 626 4432 Ussnas
651 4356 791 4416 Carrinas
814 4334 984 4426 Maecenas5
1013 4373 1086 4432 qaae
1108 4373 1169 4414 eam
1190 4365 1282 4414 essent
1300 4357 1337 4415 ab
1360 4355 1435 4426 loco,
1462 4365 1495 4414 nt
1520 4355 1659 4428 Urbinas,
1682 4367 1712 4414 et

380 4477 457 4535 qaae
483 4457 647 4536 secantur).
691 4457 838 4517 Videntur
863 4457 954 4534 igitur
980 4457 1115 4516 homines
1142 4476 1181 4516 ex
1206 4458 1325 4536 oppidis
1351 4457 1413 4517 illis
1441 4456 1558 4516 oriundi
1585 4457 1710 4536 originis

381 4560 590 4619 indicationem
612 4580 667 4640 pro
689 4559 820 4619 familiae
842 4559 960 4618 nomiae
980 4560 1012 4618 in
1034 4568 1170 4637 posteros
1184 4559 1412 4638 propagasisse,
1434 4561 1564 4620 fortasse
1579 4569 1612 4619 ut
1626 4570 1709 4638 post-

460 4827 482 4890 ¹)
510 4829 578 4880 Vide
597 4829 753 4879 Mommseni
770 4828 870 4879 indices
887 4827 915 4878 in
935 4833 1031 4893 quaest.
1051 4827 1154 4879 Rorml
1171 4843 1197 4892 p.
1214 4828 1307 4877 107ss.

459 4917 483 4982 ²)
512 4919 584 4982 Quas
603 4937 655 4971 non
674 4922 737 4971 satis
756 4927 874 4971 accurate
892 4921 1010 4970 distinxit
1028 4920 1051 4970 is
1069 4921 1113 4984 qui
1132 4935 1213 4984 nuper
1229 4921 1255 4972 in
1274 4919 1437 4970 formationis
1457 4919 1512 4969 cius
1524 4921 1625 4986 generis
1638 4921 1708 4984 leges

382 5013 515 5078 inquisivit
532 5013 587 5063 Leo
606 5013 715 5078 Meyer
733 5013 916 5079 grammaticae
936 5011 1053 5063 Graecae
1072 5019 1098 5061 et
1116 5013 1224 5062 Latinae
1243 5018 1407 5077 comparatas
1428 5014 1443 5061 2
1462 5029 1488 5076 p.
1503 5014 1598 5064 449ss.

458 5103 483 5167 ⁸)
511 5105 608 5156 Eorum
630 5120 752 5170 generum
774 5106 895 5169 exempla
913 5119 978 5170 quae
996 5111 1057 5155 anto
1075 5104 1122 5154 hos
1141 5105 1232 5170 viginti
1252 5119 1334 5155 annos
1353 5105 1487 5170 composui
1505 5105 1533 5155 in
1551 5105 1706 5170 quaestioni-

382 5199 429 5248 bus
448 5197 661 5262 onomatologicis
682 5196 799 5257 (Banasa
819 5197 891 5249 1854
911 5197 946 5259 8.)
966 5213 1018 5248 non
1036 5197 1125 5262 paucis
1144 5198 1230 5264 augeri
1251 5212 1318 5248 nuuc
1336 5203 1444 5262 possunt
1463 5203 1489 5246 et
1506 5197 1534 5248 ia
1552 5197 1707 5263 quibasdam

383 5291 527 5354 emendari3
545 5296 574 5340 ut
592 5295 789 5340 comentaneum
809 5296 856 5340 est.
