3458 6292
498 535 848 591 COMMENTA'rIONES
868 534 1145 585 urtuunrurcna
1165 533 1266 583 'tuus
1477 512 1547 581 ltu

295 715 518 793 Apograpbum
539 724 570 772 et
591 722 730 789 ectypunr
751 710 918 768 litterarum
940 708 1024 766 misit
1047 706 1085 767 G.
1104 708 1141 765 de
1163 706 1256 765 Petra
1278 706 1385 764 studiis
1408 706 1483 762 meis
1505 703 1550 761 fa·
1648 780 1651 785 .

208 836 302 889 vens,
334 826 368 875 ut
399 817 522 876 assolet.
566 812 749 891 Comparate
779 812 868 870 titulo
901 810 1070 888 quaestoris
1094 810 1285 886 Pompeiani,
1319 808 1449 865 allo-tuuis.
1484 804 1550 864 Uut.

206 920 297 979 Dial.
322 930 343 977 t.
361 920 404 989 X,
428 920 471 979 26
478 963 487 990 ,
510 938 543 995 p.
565 918 623 976 181
650 914 919 990 .....lc]ear'sstur
941 956 1158 971 ...........
1171 914 1198 987 t]
1225 911 1355 987 supi-raud
1379 908 1550 985 [ipsaouu

207 1022 306 1081 dederi
325 1020 468 1095 [isidam]
488 1020 583 1080 ettad
602 1018 793 1097 [prusJutted,
817 1016 1015 1092 fragmentum
1036 1015 1116 1075 tituli
1139 1034 1230 1092 supra
1251 1014 1395 1091 seriptum
1418 1011 1460 1069 sie
1480 1029 1548 1087 sup·

203 1124 287 1203 pleri
312 1132 433 1203 potest:

372 1357 589 1375 .....
652 1309 830 1387 [kvaisstur]
1137 1315 1279 1386 quaestor

372 1506 589 1523 ·····
651 1458 807 1561 [stPSFlIlss
1134 1483 1259 1543 operan-

385 1630 436 1671 Μ)
458 1611 554 1671 ded‘d
576 1612 685 1671 lflfflum
707 1600 811 1719 ellffld
1042 1623 1111 1681 dam
1133 1623 1224 1693 dedit,
1247 1621 1325 1679 idem
1347 1622 1395 1679 hic

666 1759 869 1876 priuatum)
1142 1767 1290 1846 probavit.

833 1986 1290 1995 ——mm-

194 2108 263 2169 24.
314 2108 418 2187 Lapis
439 2110 615 2172 Tiburtinus
637 2116 770 2193 epistylii
793 2116 930 2175 inventus
952 2115 983 2172 in
1005 2132 1072 2172 casa
1094 2113 1142 2171 del
1163 2113 1264 2171 ranno
1287 2128 1389 2169 meuse
1411 2112 1550 2186 Augusto

242 2230 277 2269 ι.
301 2212 398 2283 1865,
422 2232 502 2273 nune
522 2215 554 2273 in
574 2234 681 2276 museo
703 2218 920 2296 Neapolitano:

601 2431 636 2480 v.
664 2408 808 2483 sadiriis
855 2464 864 2480 .
905 2432 939 2478 v,
968 2404 1054 2479 aidil

601 2564 711 2625 Vibius
734 2564 860 2627 Sadiriis
904 2567 985 2625 Vibii
1011 2567 1031 2624 f.
1055 2565 1172 2624 aedilis.

302 2696 342 2757 G.
360 2698 397 2757 ds
415 2698 514 2771 Petra,
536 2703 619 2762 Sulla
640 2706 748 2763 condis.
772 2705 843 2763 della
866 2707 934 2763 σέαὰ
955 2704 1019 2761 itul.
1043 2704 1117 2778 dopo
1140 2702 1170 2758 la
1191 2718 1297 2775 pererra
1319 2700 1434 2767 romule,
1454 2717 1485 2773 p.
1501 2698 1549 2755 88.

202 2798 359 2871 Sodoma
382 2801 465 2862 Ball.
489 2806 517 2862 d.
533 2804 605 2863 Just
628 2825 657 2863 α.
672 2807 709 2865 R.
726 2808 817 2877 1867,
835 2826 868 2883 p.
884 2806 924 2866 37
943 2824 985 2881 aq.
1008 2817 1064 2863 aot.
1083 2807 1106 2862 1.
1149 2802 1198 2861 Ex
1221 2801 1339 2859 schedis
1364 2800 1485 2858 Rorellr'
1505 2800 1549 2857 ed.

202 2902 367 2975 retrusi,
393 2904 425 2963 C.
444 2904 471 2963 I.
490 2906 559 2965 Ital.
581 2926 610 2965 n.
626 2907 718 2978 asts,-
744 2910 779 2987 es.
803 2908 945 2979 Endera,
966 2907 1110 2966 Formenl.
1133 2907 1161 2963 d.
1183 2904 1251 2963 Ort.
1272 2904 1341 2981 Spr.
1363 2924 1392 2961 u.
1413 2900 1505 2972 XIX,
1521 2920 1548 2958 a.

201 3002 354 3077 flatelli,
378 3002 581 3067 otterestat
602 3010 720 3087 Pompei
742 3010 890 3070 ‹1011861
911 3010 1056 3079 al1872,
1076 3030 1108 3086 p.
1127 3012 1177 3067 88.

205 3208 375 3219 --

204 3226 477 3239 m
490 3234 530 3241 --
630 3236 982 3245 —u--...-——--..
999 3238 1044 3243 .—
1056 3237 1081 3241 ...
1095 3234 1210 3242 ,..--....
1304 3231 1527 3239 ...1-.—.-.—.-

520 3492 662 3556 MENSA
684 3492 954 3555 MENSURALIS
977 3492 1240 3555 POMPEIANA.

208 3678 273 3741 2⁵.
311 3678 380 3739 Hoc
400 3678 519 3739 demum
540 3694 675 3759 tempore
696 3684 726 3741 in
748 3684 844 3742 lucem
866 3683 1041 3759 prodierunt
1060 3681 1271 3758 inscriptiones
1287 3680 1434 3755 quaedam
1451 3676 1549 3736 Oscae

256 3782 380 3843 incisae
404 3782 437 3841 iu
463 3801 569 3843 mensa
593 3785 754 3843 mensurali
777 3785 932 3863 Pompeiis
958 3787 1080 3844 inventa
1106 3785 1165 3841 iam
1193 3800 1295 3841 mense
1317 3782 1398 3839 ltlaio
1420 3800 1446 3838 a.
1470 3780 1549 3838 1818

255 3886 293 3945 in
308 3902 428 3943 tamma
448 3885 579 3961 quadam
600 3906 726 3965 magnae
747 3888 890 3964 porticus,
913 3906 989 3964 quae
1005 3886 1193 3945 interiorum
1216 3894 1246 3941 et
1266 3884 1409 3959 templum
1421 3881 1550 3940 Veneris

257 3988 324 4047 sita
344 3995 407 4059 est,
433 4006 511 4047 uuna
531 3988 563 4047 in
585 4006 688 4048 museo
710 3990 910 4067 Neapolitano
932 3999 1089 4049 asservata
1110 3988 1214 4063 (lapid.
1232 3986 1332 4062 Pomp.
1355 4005 1429 4042 riuus
1446 3984 1549 4060 1271).

256 4086 362 4151 euius
383 4090 415 4148 in
436 4090 539 4149 tabula
558 4090 667 4169 lapidis
680 4091 832 4152 Tiburtini
854 4093 983 4169 oblonga
1003 4092 1098 4150 incisa
1113 4097 1317 4163 excavataquc
1333 4096 1479 4165 apparent
1498 4105 1548 4143 uo-

256 4210 330 4251 rem
346 4208 423 4249 vasa
441 4192 570 4252 rotunda
590 4193 728 4254 diversae
749 4194 933 4269 capacitatis,
956 4193 1086 4269 quinque
1106 4192 1246 4267 deinceps
1270 4192 1299 4248 iu
1321 4189 1418 4247 rucdia
1439 4189 1550 4259 tabula,

255 4302 408 4373 quattuor
427 4294 544 4354 minora
563 4296 595 4355 in
617 4306 760 4374 quattuor
773 4298 893 4374 angulis
912 4296 977 4354 eius
992 4295 1145 4371 disposita,
1168 4293 1277 4369 quibus
1293 4290 1469 4367 Pompeiani
1491 4310 1550 4347 me-

184 4400 187 4405 ’
255 4394 374 4457 fiendis
397 4396 487 4457 rebus
513 4396 635 4473 liquidis
667 4409 697 4457 et
724 4398 816 4458 aridis
841 4399 873 4457 in
894 4398 1073 4457 commercio
1100 4404 1241 4472 tanquam
1264 4412 1369 4452 norma
1390 4393 1551 4470 regulaque

255 4508 430 4559 uteremur.
470 4500 572 4577 Atque
593 4501 670 4560 bane
690 4501 809 4578 quidem
832 4520 966 4561 mensam
990 4498 1030 4560 G.
1050 4499 1182 4557 Mancini
1204 4498 1315 4575 optime
1336 4496 1552 4554 demonstrarit

252 4602 394 4683 primum
415 4618 453 4659 ea
472 4608 570 4661 aetate
590 4601 776 4675 fabricatam,
798 4621 858 4680 qua
872 4602 1021 4664 Samnites
1037 4602 1192 4677 Pompeiis
1212 4599 1443 4663 dominarentur,
1465 4598 1551 4673 quin-

255 4724 321 4783 que
342 4700 446 4763 media
466 4704 670 4765 tantummodo
685 4706 866 4765 continuisse
881 4724 963 4779 vasa,
987 4704 1146 4782 adscriptis
1162 4702 1250 4763 Oscis
1266 4702 1313 4759 vel
1329 4699 1455 4759 Graecis
1470 4720 1551 4759 men·

253 4824 404 4871 aurarum
425 4806 597 4881 vocabulis,
621 4806 728 4867 deinde
749 4808 781 4866 in
802 4808 893 4867 aliam
915 4809 1042 4867 formam
1064 4806 1214 4864 redactam
1236 4823 1303 4863 csse
1324 4803 1456 4879 Augusti
1478 4811 1551 4862 tcm-

249 4928 353 4993 pore‚
374 4926 438 4987 quo
459 4926 534 4969 rasa
552 4910 652 4969 media
672 4909 868 4969 dilatarentur
889 4918 1081 4987 etquattuor
1102 4909 1217 4966 minora
1239 4908 1269 4963 iu
1292 4906 1409 4983 siugulis
1432 4906 1552 4964 tabulae

249 5012 459 5084 addendam,
491 5022 526 5071 ut
556 5010 807 5091 Pompeianorum
839 5029 997 5071 mensurae
1030 5030 1097 5071 cum
1125 5010 1271 5068 Romanis
1303 5007 1552 5084 adaequarentur,

248 5122 338 5177 teate
359 5112 450 5173 titula
470 5110 598 5187 Latino,
623 5114 677 5193 qui
698 5124 746 5175 ast
766 5114 898 5195 scriptas
921 5116 954 5175 in
972 5116 1073 5175 stante
1094 5132 1214 5172 mensae
1236 5112 1272 5169 de
1294 5110 1440 5169 mensuris
1463 5129 1552 5168 exuc-

246 5214 393 5299 qmdla
420 5212 544 5291 (Gim.
565 5216 596 5277 d.
613 5234 691 5279 ttae.
711 5218 741 5277 ἀ.
757 5216 859 5295 Pomp.
872 5218 962 5291 1871,
983 5236 1018 5297 p.
1032 5216 1205 5287 tat-161,
1229 5224 1284 5272 tau.
1297 5214 1356 5283 VI,
1377 5214 1429 5289 flp.
1445 5212 1552 5287 LII).

1312 5316 1347 5373 lt
