3682 5964
371 540 450 634 Ι132
810 579 1117 632 nnnmnuaurvu
1135 578 1219 629 von.
1240 579 1269 628 11

458 757 487 818 4.
524 757 731 835 Magistratum
754 756 859 833 populi
873 753 1002 814 Romani
1024 771 1115 831 prove
1131 753 1306 832 magistratu
1322 758 1552 811 consentaneum
1569 759 1624 825 est,
1645 752 1703 810 etsi

376 868 497 920 senator
522 879 583 918 non
611 858 664 931 sit,
691 859 823 934 exempli
850 876 941 916 cause
967 856 1106 916 tribunus
1133 855 1258 914 militum
1281 874 1299 913 a
1319 854 1440 933 populo,
1453 853 1566 925 factus,
1593 854 1705 929 pariter

375 973 464 1040 atque
491 972 659 1023 senatorem
686 962 716 1019 in
744 961 934 1020 decurionum
962 960 1029 1017 loco
1056 957 1159 1016 sedere
1184 957 1228 1032 (7,
1247 955 1331 1033 tt).
1375 956 1489 1015 Eodem
1513 955 1609 1014 resero
1635 975 1703 1015 eum

375 1070 425 1144 qui
445 1070 507 1124 iure
528 1066 652 1124 dicundo
670 1068 786 1139 preterit
805 1063 855 1140 (7,
876 1059 915 1138 2)
942 1060 994 1137 qui
1017 1061 1107 1120 simul
1128 1059 1312 1132 nominatum
1340 1060 1455 1118 scilicet
1476 1058 1592 1118 videtur
1618 1058 1703 1118 intel·

374 1167 434 1246 legi
456 1167 571 1244 legatus
593 1167 773 1226 adsessor-ve
795 1164 997 1241 proconsulis,
1020 1164 1161 1240 quicum
1183 1159 1324 1220 Caesaris
1346 1171 1478 1239 tempore
1500 1162 1625 1220 necdum
1648 1181 1703 1238 pro

375 1271 553 1350 magistratu
575 1277 657 1328 esset
678 1269 761 1346 (nam
782 1275 889 1344 postea
910 1266 1028 1326 demum
1050 1265 1141 1342 legati
1162 1264 1183 1322 ii
1198 1265 1269 1322 iacti
1285 1273 1355 1324 sunt
1368 1281 1423 1339 pro
1437 1264 1599 1342 praetore),
1622 1281 1704 1323 seor·

380 1391 446 1432 sum
467 1372 504 1431 de
526 1390 561 1431 eo
582 1371 748 1432 cavendum
769 1369 835 1428 fuit.
931 1427 936 1466 1
1597 1371 1599 1374 ’

459 1476 487 1534 5.
524 1473 693 1551 Praefectus
707 1475 827 1549 fabrum
849 1475 908 1531 eius
928 1476 1112 1548 mcqistrotue
1129 1488 1220 1549 prove
1241 1474 1413 1547 moqistratu
1427 1473 1476 1547 qui
1489 1473 1704 1546 prouinciarum

375 1577 587 1654 Hispaniarum
606 1578 764 1635 ulteriorem
783 1575 914 1636 obtinebit
936 1574 979 1650 (t,
999 1573 1032 1650 4)
1054 1575 1124 1634 licet
1143 1574 1276 1651 equestri
1293 1573 1361 1630 loco
1383 1580 1471 1646 esset,
1493 1572 1586 1631 nihilo
1607 1572 1704 1660 minus

377 1680 456 1739 inter
477 1679 653 1738 decuriones
676 1679 703 1738 ei
725 1677 878 1754 spectandi
899 1678 947 1736 ius
968 1677 1034 1736 fuit.
1251 1738 1257 1748 ,

236 1781 299 1831 Lori
313 1782 366 1867 deti
458 1781 596 1859 Denique
623 1782 704 1858 quod
725 1781 757 1839 in
778 1780 858 1840 ludis
879 1779 1024 1838 scaenicis
1045 1779 1168 1838 edendis
1191 1797 1216 1837 c.
1233 1776 1368 1837 CXXVI
1390 1795 1491 1836 eorum
1518 1777 1638 1836 domino
1660 1777 1704 1835 ita

237 1855 362 1980 scidiiscis
375 1886 423 1944 ius
445 1884 533 1943 datur
552 1885 685 1943 locorum
708 1882 884 1954 dandorum,
907 1890 941 1940 ut
962 1883 988 1940 si
1010 1900 1098 1958 quam
1120 1881 1216 1957 legem
1238 1880 1413 1940 decuriones
1436 1879 1464 1938 ei
1479 1880 1523 1938 rei
1538 1869 1703 1958 posuerint,

242 2003 358 2053 decurio·
374 1987 402 2046 ei
429 1987 692 2064 obtemperandum
720 1986 774 2057 sit,
801 1985 930 2061 pertinet
954 1982 986 2042 id
1011 1983 1230 2060 quodammodo
1257 1982 1295 2040 ud
1317 1983 1447 2042 ambitus
1468 1981 1566 2060 leges,
1594 1981 1705 2058 quibua

236 2092 296 2126 ¹¹¹¹¹¹¹
316 2077 360 2127 ‘¹⁰'
376 2089 412 2148 de
433 2088 515 2148 hisce
536 2089 618 2166 locist
634 2087 739 2147 dandis
763 2087 919 2166 diligenter
940 2084 1147 2160 cavebatur1),
1168 2103 1349 2162 quamquam
1370 2085 1401 2142 id
1422 2086 1522 2160 ipsum
1538 2083 1624 2143 ludos
1639 2084 1704 2160 qui·

266 2157 335 2201 mm
377 2209 503 2268 eumque
524 2192 629 2252 fierent
650 2198 785 2250 senatum
806 2190 849 2250 ita
869 2189 1054 2248 moderatum
1075 2205 1143 2248 esse
1165 2187 1237 2247 alibi
1258 2206 1318 2246 non
1339 2187 1476 2246 traditur.

239 2821 366 2870 Decurio-
458 2808 649 2865 Decurionum
669 2806 847 2864 vocabulum
872 2805 903 2862 in
930 2805 997 2881 lege
1024 2811 1198 2882 perpetuum
1225 2812 1273 2862 est
1300 2821 1396 2879 neque
1425 2821 1549 2878 usquam
1577 2803 1706 2874 additur,

267 2895 324 2944 '¹¹⁰⁸
379 2909 459 2986 quod
481 2909 600 2967 additur
621 2917 765 2985 perpetuo
787 2908 818 2966 in
840 2909 906 2985 lege
921 2907 1000 2966 Iulia
1021 2907 1193 2982 municipali
1216 2914 1245 2964 et
1266 2905 1380 2980 passim
1402 2907 1432 2964 in
1448 2904 1564 2964 Fluviis
1581 2905 1706 2982 legibus,

377 3016 571 3088 contemptive.
589 3047 626 3056 -
648 3010 780 3069 Decurio
802 3009 937 3069 coloniae
957 3011 1077 3084 quinam
1102 3009 1165 3067 ficri
1187 3016 1291 3087 posset
1312 3007 1360 3066 vel
1381 3027 1440 3066 non
1462 3018 1568 3084 posset
1588 3009 1618 3066 in
1640 3008 1706 3084 lege

377 3114 574 3193 perscriptum
601 3101 694 3172 fuisse
720 3113 792 3171 inde
816 3111 1012 3188 intellegitur,
1038 3111 1119 3186 quod
1144 3131 1168 3168 c.
1193 3109 1235 3169 Cl
1261 3110 1453 3186 magistratus
1482 3109 1547 3168 eins
1569 3110 1706 3186 petitoris

376 3216 504 3276 comitiis
526 3216 670 3274 rationem
690 3215 800 3273 habere
823 3224 949 3284 vetatur,
975 3233 1062 3290 quem
1085 3213 1123 3270 ob
1145 3231 1234 3289 quam
1257 3229 1379 3270 causam
1401 3211 1588 3270 decurionem
1611 3213 1706 3270 nomi·

376 3319 442 3377 nari
462 3336 522 3376 non
544 3317 641 3388 liceat,
664 3317 734 3375 item
757 3336 782 3374 c.
799 3315 852 3376 CV
876 3317 926 3392 qui
947 3323 1069 3391 propter
1083 3316 1289 3391 indignitatem
1305 3314 1408 3373 ordine
1423 3321 1522 3372 motus
1537 3322 1593 3386 est,
1616 3314 1704 3373 etiam

376 3422 414 3479 ab
435 3420 599 3479 honoribus
621 3419 757 3496 petendis
780 3428 910 3490 arcetur;
937 3427 971 3475 nt
992 3418 1129 3478 similiter
1150 3419 1180 3474 in
1201 3417 1267 3493 lege
1287 3416 1461 3492 municipali
1484 3414 1625 3475 Caesaris
1646 3417 1705 3474 dic·

375 3521 515 3599 tatoris²)
538 3523 587 3582 eui
608 3541 644 3581 ee
664 3522 731 3599 lage
754 3523 783 3579 in
805 3520 1015 3580 decurionibus
1038 3527 1105 3579 esse'
1125 3539 1186 3578 non
1207 3519 1306 3591 liceat,
1328 3519 1512 3577 interdicitur
1534 3520 1572 3578 ab
1591 3519 1704 3577 honore

376 3645 411 3684 eo
438 3625 580 3701 petendo,
607 3643 645 3682 ex
673 3641 732 3700 quo
758 3623 789 3681 in
817 3642 883 3682 eum
910 3623 1044 3682 ordinem
1072 3622 1271 3706 perveniatur.
1314 3621 1443 3698 Propter
1464 3620 1494 3678 id
1516 3622 1615 3697 ipsum
1638 3640 1704 3680 curn

376 3729 407 3786 in
430 3747 498 3786 aere
521 3729 579 3800 l,l
606 3726 782 3785 decuriones
804 3744 934 3802 augures
957 3724 1113 3803 pontifices
1136 3725 1222 3783 annis
1237 3723 1265 3781 V
1286 3723 1434 3800 proximis
1456 3731 1614 3800 postquam
1635 3723 1704 3781 iacti

378 3830 438 3888 sint
459 3828 641 3887 domicilium
663 3828 693 3885 in
716 3829 819 3886 urbem
841 3827 1003 3886 transferre
1026 3827 1176 3897 iubentur,
1198 3827 1392 3902 magistratus
1411 3845 1471 3884 non
1487 3824 1704 3894 adscribuntur,

378 3933 493 3990 scilicet
512 3930 690 3990 IIviraliciis
713 3937 743 3988 et
763 3929 908 3988 aediliciis
930 3929 998 4006 ipso
1019 3930 1083 3988 iure
1105 3930 1183 3988 inter
1204 3929 1378 3987 decuriones
1405 3928 1538 3986 adscitis.
1584 3925 1643 3988 Sed
1669 3946 1705 3985 ea

246 4046 351 4100 Ordinis
376 4053 446 4112 pars
467 4034 558 4109 legis,
581 4052 641 4111 qua
662 4031 866 4090 continebatur
889 4031 1008 4089 decurio
1030 4032 1082 4107 qui
1104 4031 1168 4088 fieri
1189 4040 1304 4106 posset,
1331 4029 1368 4086 ad
1390 4047 1445 4088 nos
1468 4048 1527 4087 non
1554 4029 1703 4106 pervenit3

243 4121 356 4172 libertini
376 4136 564 4196 solummodo
597 4155 636 4194 ex
669 4133 819 4206 clausule,
851 4151 928 4211 quae
961 4132 998 4190 de
1029 4133 1206 4210 indignitate
1240 4131 1408 4192 decurionis
1436 4141 1595 4209 propterea
1622 4130 1705 4206 quod

380 4348 582 4358 ——-———

453 4505 476 4568 ¹)
505 4505 596 4556 Cicero
621 4520 668 4569 pro
686 4505 798 4555 Murena
815 4504 865 4566 32,
885 4505 932 4555 67:
957 4503 1048 4554 deuicti
1065 4511 1165 4554 senatus
1184 4503 1320 4554 consulmm
1338 4518 1374 4554 me
1393 4504 1514 4569 referente
1532 4517 1584 4553 esse
1595 4503 1702 4569 suetum,

443 4599 468 4648 si
489 4595 677 4663 plodictoribue
701 4597 776 4663 culpo
801 4597 871 4647 loeus
894 4594 1001 4646 tributus
1024 4602 1049 4646 et
1072 4597 1128 4646 item
1146 4594 1263 4662 prandia
1281 4597 1305 4645 si
1322 4595 1397 4662 rulqc
1417 4602 1496 4646 essent
1516 4594 1589 4656 dato,
1616 4603 1706 4645 coemo

377 4691 452 4758 lepem
469 4687 633 4758 Calpurniam
643 4690 743 4755 sartum
761 4687 850 4739 uideri.
883 4691 915 4740 Id
933 4688 1027 4738 deinde
1047 4695 1151 4738 enarrat
1170 4705 1191 4738 c.
1207 4689 1250 4739 at.
1265 4689 1307 4738 35.
1342 4688 1433 4738 Cicero
1452 4688 1478 4736 in
1491 4689 1580 4737 vatin.
1596 4686 1638 4748 15,
1654 4687 1704 4738 at:

376 4800 430 4834 eum
447 4799 502 4833 mea
521 4783 561 4832 lec
579 4781 690 4832 dilucide
708 4789 772 4832 vetet
791 4779 887 4832 biennio
908 4797 955 4848 quo
975 4781 1031 4848 quis
1044 4787 1119 4848 petat
1131 4781 1287 4847 petituri-uere
1305 4780 1340 4828 eit
1356 4777 1515 4845 plodiotcree
1534 4778 1596 4829 dore
1610 4779 1662 4830 nisi
1674 4794 1706 4829 ex

376 4881 518 4926 testmnento
533 4876 689 4941 praestituta
706 4873 755 4924 die.

452 4985 476 5050 ²)
505 5005 529 5038 ν.
550 4988 610 5039 135.
648 4989 735 5039 Etiam
760 4988 824 5053 legis
842 4987 1014 5038 Malacitanae
1039 5005 1064 5038 c.
1078 4988 1157 5038 LIIII
1180 4988 1356 5052 magistratum
1381 4993 1468 5051 petere
1486 4993 1585 5036 retsmr
1611 4987 1654 5052 qui
1678 4987 1706 5034 in

377 5097 460 5132 ectum
483 5097 534 5147 qua
553 5096 631 5132 cauea
649 5081 710 5142 erit,
732 5087 839 5147 propter
857 5097 943 5146 mam,
970 5082 995 5130 si
1013 5080 1096 5143 e(im's)
1116 5079 1263 5140 Memoriae)
1283 5085 1358 5139 esset,
1384 5080 1410 5128 in
1429 5095 1527 5129 numere
1547 5077 1706 5129 demtrionum

377 5173 619 5240 eomeriptorumque
643 5188 695 5222 eum
720 5187 772 5222 esre
796 5189 844 5221 non
863 5172 961 5236 liceret3
987 5189 1037 5239 qno
1055 5173 1211 5222 remittimur
1229 5171 1261 5221 sd
1281 5173 1361 5236 ipsum
1381 5171 1464 5238 legem
1483 5172 1578 5224 lutum
1597 5172 1706 5222 munici-

379 5266 472 5333 palem.
510 5267 544 5316 V.
565 5279 657 5318 comm.
677 5280 762 5316 meum
782 5280 806 5329 p.
821 5264 883 5315 417.
