3458 6292
283 485 353 554 196
848 504 1030 557 coassuu:

279 699 354 755 tium
388 717 455 756 cum
492 699 581 757 sibilo
608 700 869 776 pronuntiatarum
892 696 924 761 Μ
951 711 981 757 et
1010 702 1041 777 ζ,
1080 715 1155 772 quas
1190 695 1302 757 Sabelli
1330 717 1368 755 ex
1402 696 1559 772 alphabeto
1593 716 1612 753 a

280 797 406 858 Graecis
436 810 557 878 accepto
584 802 767 859 retinuerunt
793 811 826 860 ut
851 801 971 859 Etrusci
997 807 1026 859 et
1048 797 1230 858 Umbrorum
1259 799 1467 876 antiquissimi.
1511 798 1611 857 Etiam

278 903 479 978 interpunctio
512 903 672 961 verborum
704 903 807 962 eadem
841 911 887 962 est
917 904 949 962 iu
981 903 1027 961 his
1050 903 1145 961 titulis
1175 900 1333 962 Sabellicis
1366 900 1461 960 tribus
1494 901 1612 976 punctis

278 1004 476 1080 interpositis,
511 1004 594 1063 cuius
626 1006 856 1082 interpungendi
889 1006 980 1064 moris
1008 1004 1163 1063 rarissima
1189 1005 1380 1064 inveniuntur
1410 1004 1551 1079 exempla
1580 1004 1611 1061 in

278 1106 525 1182 inscriptionibus
548 1108 697 1179 Etruscis,
721 1106 820 1180 Oscis,
842 1107 972 1167 Latinis.
1015 1107 1147 1166 Litterae
1176 1109 1197 1165 d
1216 1108 1331 1166 formae
1357 1107 1387 1168 in
1410 1109 1496 1167 titulo
1518 1108 1612 1168 Prae·

277 1210 393 1267 tutiano
416 1210 587 1269 simillimae
616 1218 686 1268 sunt
714 1208 841 1269 Graecis
868 1218 897 1268 et
925 1209 1103 1288 Messapicis
1134 1208 1268 1285 (Kirclrb.
1292 1208 1374 1269 stad.
1403 1231 1427 1269 z.
1459 1210 1558 1270 Gescb.
1582 1214 1610 1270 d.

285 1310 399 1370 Griecl.
424 1312 514 1388 Alpi.
537 1322 556 1370 t.
580 1312 665 1370 LII.
689 1314 731 1370 ed.
747 1314 775 1372 2.
820 1313 858 1371 L.
872 1313 1030 1390 Moppialli
1051 1331 1065 1369 e
1090 1310 1122 1371 C.
1147 1312 1389 1385 casaromaniana,
1410 1312 1455 1373 Le
1468 1317 1614 1372 iscrizioni

278 1413 476 1489 Messapiam,
504 1426 560 1472 tao.
587 1415 608 1471 I
625 1415 697 1490 sq),
731 1433 797 1473 cum
830 1415 947 1473 litterae
977 1416 998 1473 d
1022 1416 1053 1474 in
1079 1414 1179 1491 lapide
1204 1413 1242 1471 ad
1270 1411 1400 1491 Capram
1430 1417 1610 1475 maritimam

278 1515 402 1575 invento
423 1516 525 1575 eadem
549 1518 589 1575 sit
610 1517 707 1574 forma
729 1526 819 1592 atque
841 1519 871 1575 in
894 1517 977 1577 Osco
999 1518 1169 1594 alphabeto.

360 1616 430 1675 Una
452 1628 546 1676 restat
567 1619 666 1677 littera
690 1613 757 1691 ΕΠ
780 1620 861 1697 cippi
875 1619 1063 1678 Praetutiani
1078 1619 1236 1696 quinquies
1252 1618 1364 1697 scripta
1378 1620 1410 1679 in
1424 1622 1609 1699 apographo,

280 1738 356 1795 quae
378 1721 451 1778 mihi
473 1722 635 1796 plurimum
657 1722 834 1780 offensionis
855 1722 966 1780 habere
987 1721 1113 1779 videtur.
1168 1719 1308 1797 Namque
1329 1722 1417 1798 plane
1444 1723 1544 1782 aliena
1564 1733 1611 1785 est

278 1840 336 1879 non
360 1822 458 1880 solum
481 1842 498 1880 a
520 1824 627 1881 ceteris
649 1824 745 1882 titulis
762 1823 929 1896 Sabellicis,
951 1843 1054 1882 verum
1076 1823 1165 1882 etiam
1188 1825 1225 1882 ab
1246 1824 1491 1901 inscriptionibus
1508 1826 1609 1901 Oscis,

276 1921 438 1994 Umbricis,
460 1924 601 1998 Faliscis,
623 1925 767 1999 Etruscis,
794 1925 922 1996 Latinis,
951 1923 1078 1986 Graecis
1101 1926 1329 2002 antiquioribus,
1357 1945 1455 2004 neque
1478 1947 1610 2005 usquam

276 2045 324 2083 me
346 2027 487 2101 scriptam
516 2028 616 2104 legere
643 2029 764 2087 memini
791 2029 849 2087 nisi
877 2028 908 2085 in
929 2028 1145 2088 recentioribus
1167 2029 1369 2088 monumentis
1393 2027 1528 2102 Graecis,
1557 2032 1609 2090 ubi

279 2126 309 2195 Π
334 2129 486 2206 significat
500 2130 632 2188 vocalem
648 2151 673 2189 o.
718 2131 804 2205 Quae
819 2130 932 2189 vocalis
952 2148 1018 2188 cum
1041 2132 1070 2190 in
1093 2130 1193 2208 lapide
1208 2130 1403 2189 Praetutiano
1427 2132 1611 2210 significetur

278 2230 379 2288 littera
400 2229 446 2319 W,
475 2251 534 2291 non
556 2232 699 2290 credibile
726 2241 773 2291 est
799 2234 925 2291 eandem
955 2233 1045 2291 etiam
1072 2233 1174 2291 littera
1196 2232 1227 2301 Π
1251 2233 1385 2291 indicari.
1429 2234 1517 2293 Etsi
1541 2237 1609 2312 quis

275 2335 367 2393 nihilo
396 2335 489 2394 setius
516 2336 593 2393 hanc
621 2336 717 2393 vocali
745 2355 760 2393 o
783 2335 935 2394 vindicare
959 2334 1097 2406 auderet,
1134 2337 1291 2412 praeberet
1318 2335 1404 2394 nobis
1426 2338 1607 2396 vocabulum

274 2439 362 2496 edotio
386 2462 423 2486 =
447 2455 542 2508 aoooo,
572 2436 653 2513 quod
679 2447 762 2496 esset
783 2438 910 2496 monstri
931 2437 1039 2508 instar,
1072 2438 1102 2495 in
1125 2437 1255 2496 secundo
1277 2454 1368 2496 versu
1390 2437 1467 2495 tituli
1490 2438 1609 2514 dequo

275 2540 374 2617 agitur
397 2540 550 2615 scriptum.
594 2538 660 2597 Iloc
682 2549 781 2598 autem
803 2540 920 2616 signum
945 2538 1016 2614 ΕΠ
1049 2558 1116 2597 cum
1150 2538 1292 2598 facillima
1322 2539 1396 2596 oriri
1432 2549 1534 2615 posset
1571 2561 1609 2601 ex

273 2641 382 2700 litteris
406 2641 438 2707 Β
465 2648 495 2698 et
524 2639 561 2726 Ξ
597 2641 714 2699 detritis
746 2650 797 2700 aut
818 2641 938 2701 omissis
964 2642 1143 2718 quibusdam
1173 2641 1274 2714 lineis,
1308 2659 1346 2698 ex
1376 2641 1406 2710 [
1432 2642 1534 2701 addita
1555 2663 1609 2719 per

274 2764 405 2805 errorem
434 2745 561 2817 lineola,
594 2765 633 2804 ex
670 2743 700 2818 O
733 2745 888 2803 immutata
920 2742 1054 2818 paullum
1085 2745 1234 2820 positione
1266 2744 1341 2815 eius,
1378 2744 1515 2820 equidem
1548 2765 1607 2804 non

274 2848 378 2919 video,
404 2847 454 2922 qui
485 2849 571 2924 signo
598 2857 657 2904 tam
691 2845 861 2922 suspicioso
889 2845 920 2902 in
942 2845 1116 2921 apographo
1138 2853 1251 2904 tantum
1279 2846 1357 2904 tituli
1384 2847 1497 2923 scripto
1519 2848 1607 2906 tidem

274 2950 384 3007 habere
410 2949 534 3025 possim.
579 2949 718 3024 Denique
750 2948 781 3005 in
807 2946 865 3005 fine
893 2947 1058 3023 apographi
1090 2947 1177 3005 iuxta
1203 2947 1333 3007 litteram
1362 2951 1389 3029 ξ
1426 2949 1608 3008 lineamenta

274 3053 420 3129 quaedam
443 3051 555 3128 scripta
577 3061 656 3122 sunt,
679 3069 756 3126 quae
778 3049 909 3108 indicare
930 3049 1077 3120 videntur,
1099 3049 1228 3125 lapidem
1250 3049 1308 3108 hoc
1330 3050 1397 3110 loco
1419 3052 1533 3110 laesum
1556 3064 1609 3110 aut

275 3154 416 3211 detritum
439 3170 516 3211 esse.
561 3151 647 3225 Quae
677 3170 743 3210 cum
770 3153 812 3210 ita
839 3152 915 3221 sint,
944 3151 1002 3208 hae
1024 3150 1228 3210 tantummodo
1257 3152 1375 3211 litterae
1400 3154 1606 3230 inscriptionis

274 3256 489 3314 Praetutianae
512 3255 584 3312 mihi
608 3254 744 3312 ridentur
764 3254 952 3332 legiuposse:

734 3451 843 3543 petr.
866 3440 870 3542 Ι
892 3443 901 3513 Ξ
926 3445 1042 3560 papas

732 3579 1101 3685 reisa'rltilisudi

733 3721 791 3822 pis
811 3738 820 3782 ἓ
839 3747 860 3798 e
879 3718 883 3824 l
909 3722 1038 3821 aelf(?)
1059 3726 1068 3794 Ξ
1087 3747 1129 3797 re

734 3862 837 3980 s(i)a
854 3863 864 3934 Ξ
885 3859 890 3964 l
911 3863 999 3937 dare
1019 3864 1029 3936 Ξ
1048 3888 1120 3965 pep

736 4000 741 4105 Ι
760 4028 806 4079 e.
828 4060 835 4075 .

356 4271 499 4331 Lectione
521 4272 611 4330 huius
634 4270 712 4328 tituli
735 4279 795 4328 tam
811 4269 925 4329 incerta
939 4287 974 4329 ac
987 4269 1088 4342 dubia,
1110 4288 1149 4329 cx
1171 4287 1206 4327 eo
1221 4287 1311 4347 aegre
1325 4272 1471 4348 quaedam
1485 4274 1608 4352 linguae

274 4373 441 4435 Sabellicao
468 4375 596 4450 vestigia
622 4373 764 4449 cognosci
793 4380 930 4449 possunt.
980 4372 1070 4430 Initio
1102 4371 1166 4431 eius
1193 4372 1306 4449 scripta
1331 4374 1471 4434 videntur
1498 4396 1606 4437 nomen

272 4477 394 4553 gentile,
421 4476 626 4553 praenominis
650 4484 736 4546 nota,
763 4492 937 4551 cognomen.
981 4473 1060 4533 Nam
1086 4474 1202 4532 litteras
1229 4473 1305 4534 Patr.
1333 4479 1516 4553 supplendas
1538 4500 1605 4541 esse

273 4578 447 4654 Petr(daia),
487 4577 662 4636 coniecerim
700 4596 738 4634 ex
767 4576 890 4635 Falisco
932 4577 1050 4635 nomiua
1084 4576 1237 4649 Petruaes,
1278 4575 1423 4638 Umbrica
1457 4582 1606 4656 Petronia,

273 4681 403 4739 Etrusco
438 4681 585 4750 Petronis,
618 4678 727 4737 Latino
754 4679 906 4737 Petronius
939 4678 1080 4754 (Fabrctt.
1116 4677 1211 4738 Glosa.
1237 4678 1276 4738 lt.
1300 4700 1333 4757 p.
1363 4683 1471 4759 1379);
1505 4679 1607 4763 Popaa'

273 4791 372 4841 autom
394 4782 532 4858 congruit
564 4800 629 4840 cum
653 4781 780 4839 Etrusco
803 4781 979 4858 cognomine
994 4775 1105 4858 Papaa',
1137 4781 1247 4841 Latino
1269 4783 1369 4861 Papae
1391 4795 1421 4843 et
1442 4805 1508 4845 cum
1524 4788 1605 4848 Osco

273 4885 419 4943 vocabulo
439 4902 567 4961 puppas,
591 4882 670 4958 quod
693 4882 723 4940 in
745 4883 855 4941 fabulis
878 4882 1028 4942 Atellanis
1051 4900 1152 4943 senem
1175 4884 1373 4963 significabat,
1401 4906 1467 4947 cum
1487 4888 1606 4955 Latinis

269 5004 353 5062 papa
380 5003 514 5062 pappus,
543 4983 670 5043 Graecis
697 4975 830 5052 πάππας,
856 4980 975 5047 πάππος
997 4985 1101 5062 (Febr.
1129 4987 1147 5045 l.
1171 5005 1194 5046 c.
1218 5006 1252 5063 p·
1280 4986 1358 5046 1323
1383 4990 1452 5067 sq).
1499 4993 1606 5071 Itaque

272 5088 401 5146 litteram
424 5089 502 5146 inter
524 5085 684 5161 Petr(unie)
707 5095 737 5145 et
756 5082 879 5165 Poppas'
899 5089 1032 5166 positam
1058 5095 1149 5167 etque
1173 5088 1411 5166 interpunctione
1433 5093 1605 5156 distinctam

272 5189 434 5249 verisimile
457 5198 504 5249 est
525 5198 624 5248 notam
647 5189 851 5266 praenominis
1088 5188 1158 5253 “ins
1176 5188 1311 5263 Petronii
1331 5189 1476 5254 Picentis.
1499 5197 1605 5258 .Haec
