3458 6292
182 485 251 555 148
612 502 912 551 nnnrrnsmnrvn
933 502 1016 550 von.
1037 502 1064 549 11

486 606 632 614 ..--.
643 606 652 611 .
661 603 890 610 ...—·—-——.

175 689 244 736 vato
271 678 467 736 manumissio
495 683 652 752 patronum
681 676 764 747 lacit,
793 675 835 732 ita
860 675 888 731 in
920 674 984 733 inre
1011 673 1144 749 publico,
1166 673 1328 750 aliquando
1357 675 1432 732 fecit
1458 674 1509 733 de·

174 782 274 839 ductio
296 781 344 838 vel
370 780 400 836 in
426 779 516 837 fidem
540 780 679 856 receptio.
702 811 739 820 -
768 777 862 835 Aliud
884 786 932 836 est
952 776 1049 834 adhuc
1071 777 1221 852 ignotum,
1249 778 1307 834 iam
1330 795 1403 834 vero
1426 788 1510 854 pate·

172 883 300 953 factum,
328 892 496 942 senatorem
524 883 627 958 populi
650 880 779 939 Romani
805 880 957 955 filiumque
979 879 1127 937 senatoris
1148 888 1307 957 patronum
1330 880 1426 938 creari
1449 899 1510 937 non

173 985 307 1061 potuisse
330 1005 365 1043 eo
387 994 519 1061 tempore
542 1001 602 1059 quo
625 983 783 1059 imperium
805 982 952 1041 obtineret
973 982 1042 1040 inve
1064 981 1217 1057 provincia
1238 991 1332 1054 esset3
1355 982 1440 1058 quod
1455 1002 1511 1041 cur

173 1088 376 1146 introductum
399 1088 446 1160 sit,
468 1086 556 1145 sacile
578 1094 712 1164 apparet.
750 1084 895 1145 Similiter
909 1086 1065 1163 Augustus
1086 1084 1320 1161 provincialibus
1341 1085 1510 1156 interdixit,

173 1211 210 1249 ne
239 1192 285 1248 cui
315 1189 503 1266 magistratui
531 1198 665 1266 ternpore
693 1189 886 1264 magistratus
915 1187 1031 1246 intrate
1060 1185 1120 1245 LX
1147 1186 1213 1247 dies
1246 1198 1316 1264 post
1344 1207 1413 1247 eum
1443 1188 1510 1247 fini-

173 1301 236 1350 tum
262 1294 403 1351 honorem
431 1290 628 1368 haberent).
674 1291 856 1350 Patronatns
883 1298 983 1348 tamen
1010 1290 1209 1348 instrumenta
1240 1308 1318 1366 qnae
1345 1300 1512 1368 supersunt

173 1415 211 1454 nc
240 1395 371 1454 melioris
400 1396 520 1471 quidem
549 1395 655 1454 aetatis
684 1413 752 1453 cum
781 1413 818 1453 ca
847 1395 912 1471 lege
939 1393 1013 1452 satis
1040 1392 1228 1467 conspirans
1257 1411 1326 1451 nam
1352 1412 1421 1451 cum
1448 1410 1510 1451 non

173 1497 272 1555 desint
293 1484 338 1555 ibi'
356 1499 504 1573 equestris
527 1498 639 1556 ordinis
661 1497 780 1575 patroni
801 1514 838 1556 eo
859 1504 994 1573 tempore
1015 1496 1116 1569 creati,
1139 1513 1199 1572 quo
1221 1495 1253 1554 in
1267 1495 1424 1573 provincia
1442 1495 1510 1554 olfi-

174 1600 221 1657 cio
243 1600 485 1675 iungerenturl),
513 1610 574 1658 tres
597 1610 676 1658 certe
697 1600 768 1659 item
790 1600 907 1676 repperi
930 1598 1066 1658 similiter
1088 1610 1205 1657 creatos
1226 1607 1369 1677 patronos
1392 1598 1511 1657 ordinis

174 1702 332 1773 senatorii,
360 1702 475 1760 scilicet
495 1703 530 1761 L.
553 1702 721 1761 Domitium
743 1703 977 1762 Ahenobarbum
1004 1721 1072 1760 cum
1097 1702 1261 1780 proconsul
1282 1710 1363 1760 esset
1384 1701 1511 1759 Africae

175 1823 200 1860 a.
219 1824 247 1860 u.
262 1823 287 1862 c.
305 1803 364 1861 742
388 1804 430 1880 (v.
453 1824 481 1881 p.
501 1806 557 1862 147
582 1804 651 1863 adn.
669 1803 712 1880 5),
735 1803 772 1878 Q.
796 1805 903 1863 lulium
927 1803 1096 1866 Secundum
1119 1822 1186 1862 cnm
1208 1804 1327 1882 legatus
1349 1812 1432 1863 esset
1453 1823 1511 1880 pro

174 1913 311 1996 praetore
333 1904 495 1965 Numidiae
518 1927 544 1964 a.
565 1927 593 1984 p.
616 1905 688 1966 Chr.
710 1909 749 1967 55
777 1907 965 1982 (Wilmanus
988 1927 1017 1965 n.
1033 1905 1150 1984 2852),
1177 1903 1213 1965 C.
1235 1906 1365 1965 Marium
1386 1905 1511 1964 Puden·

173 2018 233 2066 tem
255 2006 483 2080 Cornelianum,
512 2028 578 2067 cnm
605 2009 721 2087 legatus
749 2019 830 2069 esset
850 2010 977 2087 legionis
1000 2029 1026 2068 a.
1044 2006 1103 2066 222
1132 2006 1350 2083 (orchites).
1397 2005 1512 2082 Quam·

175 2130 264 2187 quarn
291 2110 402 2187 opponi
429 2120 541 2187 potest,
567 2112 593 2170 si
620 2112 788 2190 praesidem
814 2120 971 2191 patronum
997 2111 1141 2188 adoptare
1162 2111 1341 2190 generaliter
1361 2110 1512 2183 licuisset,

173 2213 261 2289 longe
283 2213 372 2290 plura
393 2213 456 2273 eius
477 2217 595 2291 generis
619 2215 816 2274 iustrumenta
837 2234 891 2274 nos
913 2215 1054 2274 habitura
1074 2214 1183 2287 luisse,
1210 2220 1369 2292 potestque
1391 2232 1442 2273 res
1466 2215 1512 2273 sic

173 2315 437 2394 explicarilegem
460 2336 536 2388 eam,
561 2335 650 2393 quam
674 2316 863 2377 Ursonenses
885 2317 1062 2388 habueruut,
1085 2335 1233 2394 peraeque
1254 2316 1434 2390 obtinuisse,
1458 2317 1512 2375 sed

173 2437 231 2475 non
261 2437 329 2476 raro
357 2426 461 2477 contra
489 2438 554 2478 carn
585 2428 727 2496 patronos
759 2421 918 2498 adoptatos
947 2438 1015 2479 esse
1042 2428 1094 2479 aut
1125 2427 1299 2496 contemptu
1327 2419 1394 2478 eins
1423 2420 1512 2499 igna-

172 2521 309 2580 rantiave
330 2529 383 2580 aut
402 2523 551 2598 permissu
573 2519 814 2599 imperatorist).

737 2710 941 2719 --—-——

28 2860 166 2923 Magistra·
260 2849 481 2925 Mapistratibus
504 2870 593 2926 praee
618 2855 788 2927 magistrata
810 2852 916 2927 papali
935 2851 1061 2909 Romani
1082 2850 1143 2922 t,1
1171 2849 1218 2907 ins
1245 2850 1334 2910 datur
1358 2851 1391 2909 in
1414 2852 1512 2912 decu·

29 2935 310 3057 niioiiiiiimnibffl
339 2952 425 3010 ludos
456 2952 625 3029 spectandi3
660 2953 749 3011 etiam
776 2953 857 3028 qnod
885 2952 1021 3029 sequitur
1047 2956 1131 3030 quiae
1158 2955 1218 3011 iuri
1245 2955 1368 3013 dicanda
1392 2962 1514 3032 praeest

174 3073 265 3131 supra
292 3074 320 3131 p.
340 3053 397 3111 132
425 3056 528 3113 monui
557 3074 617 3114 non
644 3055 683 3113 ad
709 3056 845 3114 coloniae
871 3054 1064 3132 magistratus
1086 3056 1236 3131 pertinere
1256 3056 1367 3132 videri,
1394 3057 1453 3117 sed
1474 3056 1513 3117 ad

172 3157 289 3232 legatos
311 3157 543 3233 adsessoresque
564 3158 785 3235 proconsulum.
819 3157 981 3216 Praeterea
1000 3160 1185 3233 rnaphtratas
1204 3167 1387 3236 potestasque
1403 3160 1514 3238 pepuli

172 3261 296 3318 Romani
311 3257 340 3330 2,
355 3257 405 3317 24.
422 3261 462 3317 34
484 3272 752 3319 commemorantur
773 3260 849 3318 inter
870 3276 988 3331 causas,
1010 3269 1130 3338 propter
1152 3278 1228 3337 quas
1247 3270 1278 3320 et
1291 3261 1390 3320 IIviro
1405 3270 1439 3321 et
1452 3262 1513 3323 civi

173 3362 262 3421 hceat
288 3361 326 3419 ud
348 3379 472 3419 causam
494 3381 513 3419 a
534 3381 567 3421 se
590 3364 736 3439 agendam
757 3381 817 3421 non
839 3362 955 3421 adesse.
999 3361 1123 3422 Senator
1144 3367 1338 3440 sectatorisque
1352 3365 1441 3441 filins
1457 3384 1513 3442 po·

169 3465 235 3540 puli
255 3465 380 3522 Romani
406 3465 515 3540 quibus
541 3465 769 3524 condicionibus
796 3465 913 3541 patroni
940 3464 1074 3541 hospites
1100 3464 1236 3542 adoptari
1257 3466 1391 3544 possint,
1420 3466 1512 3526 modo

172 3566 318 3638 vidimns3
346 3566 416 3624 item
443 3586 473 3643 p.
497 3566 554 3624 132
581 3567 687 3626 iisdem
714 3569 801 3645 eique
827 3568 879 3644 qui
907 3575 1027 3625 senator
1053 3566 1144 3626 luerit
1168 3568 1215 3627 ins
1243 3567 1334 3627 tribui
1359 3568 1452 3629 ludos
1479 3570 1514 3628 in

173 3669 383 3729 decurionibus
405 3669 569 3746 spectandi.
609 3670 692 3728 ldem
715 3671 763 3728 ius
786 3670 850 3738 t‚4
871 3670 1044 3729 conceditur
1061 3673 1208 3747 praestem
1222 3672 1344 3747 fabrum
1365 3673 1429 3730 das
1451 3690 1513 3730 snu-

171 3778 310 3850 pistratue
332 3790 425 3847 proce
445 3775 631 3846 magistrata,
657 3776 709 3849 qui
729 3773 905 3849 Hispaniam
925 3773 1088 3831 ulteriorem
1109 3772 1255 3844 obtinebit3
1282 3773 1319 3832 de
1338 3790 1402 3849 qno
1425 3792 1515 3851 prae·

172 3878 249 3934 secto
282 3874 430 3950 equestris
465 3872 578 3932 ordinis
607 3876 726 3934 homine
754 3874 822 3933 vide
850 3892 926 3950 quae
955 3874 1018 3933 dixi
1047 3873 1228 3935 Staatsrecht
1260 3872 1383 3945 1,102.
1414 3875 1451 3948 2,
1471 3876 1515 3936 92

173 3980 372 4052 dixeruntque
399 3993 475 4051 quos
502 3978 543 4036 ibi
565 3978 663 4035 citavi.
686 4013 723 4022 -
753 3977 801 4036 De
822 3977 988 4036 honoribus
1010 3975 1045 4036 C.
1069 3974 1195 4037 Caesari
1215 3978 1247 4036 in
1268 3977 1334 4055 lege
1354 3979 1516 4039 attributis

173 4082 328 4140 dictatoris
351 4081 541 4159 imperatoris
564 4079 698 4139 consulis
720 4079 908 4156 proconsulis
928 4079 1039 4139 dictum
1062 4086 1111 4139 est
1130 4100 1160 4158 p.
1179 4080 1248 4140 119.

249 4373 273 4437 ¹)
300 4375 435 4425 Eiusmodi
459 4375 562 4423 decreta
584 4374 612 4422 in
636 4372 761 4423 honorem
785 4373 972 4439 praefectorum
995 4372 1098 4446 labrum
1121 4373 1192 4424 iacta
1210 4378 1300 4423 extum
1322 4387 1348 4425 a.
1367 4374 1385 4424 t
1407 4391 1436 4442 p.
1451 4375 1517 4428 Chi.

172 4466 280 4528 (Marini
299 4469 363 4517 Arv.
383 4483 409 4532 p.
424 4466 488 4528 183)
509 4474 533 4516 et
552 4481 576 4516 a.
591 4467 625 4515 27
640 4474 665 4515 ot
679 4466 712 4516 28
733 4464 794 4527 (vol.
809 4467 842 4528 V,
857 4464 1058 4528 tuto-4922).

248 4557 273 4621 2)
301 4559 354 4609 Dio
369 4560 412 4620 56,
428 4559 471 4609 25.
975 4606 979 4613 .

247 4650 272 4713 ³)
302 4649 433 4713 [Fortasse
453 4652 556 4701 decreta
575 4651 639 4701 haec
658 4665 689 4701 eo
710 4652 766 4716 ipso
786 4658 902 4717 tempore
919 4651 989 4701 iacta
1007 4657 1074 4714 suut,
1085 4632 1146 4718 'quo
1163 4650 1331 4716 proconsules
1343 4651 1386 4702 illi
1400 4653 1518 4719 legatire

172 4743 285 4794 officium
305 4745 478 4808 deponebant,
499 4753 527 4794 ut
545 4745 673 4794 honorum
693 4759 791 4808 earum,
812 4759 877 4810 qnos
895 4744 974 4796 modo
993 4758 1081 4810 gerere
1097 4745 1242 4807 desiissent,
1261 4743 1394 4797 vocabula
1406 4746 1518 4800 abusive

170 4836 203 4885 iis
223 4836 442 4887 continuarentur.
481 4835 611 4901 libanen]

1078 4952 1085 4971 ²
1163 4962 1223 5024 Tu.
1246 4962 1428 5026 Monaesen.
