3458 6292
685 525 760 574 LEX
779 523 862 574 coh.
883 523 1108 573 GENETIVAE.

582 1814 832 1891 APPENDIX
858 1812 1213 1891 COMMENTARII.

314 2094 406 2173 Quod
434 2116 528 2177 supra
554 2096 603 2177 (p.
622 2097 700 2175 106)
731 2098 795 2158 dixi
823 2099 861 2157 ab
889 2099 1002 2159 editore
1028 2118 1129 2157 aerum
1158 2095 1375 2156 Ursonensium
1405 2096 1565 2154 occasione

225 2196 304 2257 data
329 2200 403 2259 item
428 2200 541 2278 publici
566 2201 641 2261 iuris
662 2201 773 2260 iactum
795 2219 862 2259 esse
883 2200 1080 2280 fragmentum
1103 2199 1223 2259 tabulae
1245 2218 1351 2259 aereae
1372 2197 1497 2256 Italicae
1518 2218 1564 2255 re·

226 2310 366 2379 partum,
389 2300 421 2361 id
442 2320 613 2381 quanquam
634 2304 776 2379 exiguum
798 2312 843 2363 est
864 2304 990 2379 ideoque
1012 2322 1072 2362 non
1095 2304 1196 2381 magni
1217 2302 1320 2380 pretii,
1347 2308 1447 2359 tamen
1468 2302 1565 2360 visum

226 2410 280 2463 est
301 2420 364 2463 non
383 2404 580 2465 omittendum
602 2422 671 2465 esse
691 2406 722 2464 in
745 2406 801 2465 hac
821 2406 899 2484 legis
919 2404 1103 2465 Ursonensis
1126 2405 1266 2464 editione.

315 2506 425 2583 Itaque
444 2506 570 2566 Italicae
596 2507 663 2585 (qai
684 2508 773 2567 bodie
796 2509 880 2568 vicus
903 2518 949 2567 est
970 2508 1144 2584 Scatiponce
1166 2507 1263 2565 dictas
1285 2523 1381 2584 prope
1402 2502 1565 2582 Hispalim,

228 2604 418 2669 c.1.1..11
437 2626 469 2685 p.
488 2608 566 2685 145)
593 2610 625 2668 in
652 2610 756 2670 modiis
783 2612 993 2689 amphitheatri
1020 2610 1176 2689 parietinis
1197 2628 1225 2668 a.
1244 2608 1322 2669 1868
1349 2606 1490 2667 effossum
1518 2617 1565 2665 est

227 2710 435 2789 trngmentum
460 2711 590 2771 laminae
617 2730 740 2785 aereae,
772 2714 865 2773 latam
892 2734 932 2772 m.
954 2712 1042 2784 021,
1075 2710 1279 2782 allambit,
1311 2729 1406 2787 paene
1436 2709 1564 2784 undique

228 2812 406 2885 effractum
432 2830 502 2873 nam
530 2813 629 2873 dextri
656 2823 770 2874 tantum
800 2817 943 2894 marginis
969 2834 1040 2893 pars
1068 2814 1191 2873 inferior
1217 2815 1334 2890 integra
1361 2819 1480 2871 servata
1509 2820 1564 2870 est.

229 2912 343 2975 serr-t
359 2914 491 2995 ,Hispali
516 2914 698 2977 Franciscus
719 2918 889 2978 Matthaeus
912 2918 1009 2995 Gago.
1052 2916 1234 2975 Litterarum
1262 2917 1359 2974 forma
1386 2914 1491 2974 similis
1520 2922 1567 2972 est

228 3018 313 3091 cius,
339 3034 433 3095 qam
458 3018 542 3095 prior
569 3019 672 3078 tabula
691 3018 878 3081 Ursonensis
902 3028 1061 3092 monstrat3
1090 3020 1204 3079 scilicet
1225 3018 1341 3077 videtur
1362 3018 1479 3094 etipsa
1501 3033 1566 3073 sae-

227 3120 294 3181 culi
313 3138 385 3181 caso
403 3119 492 3199 primi
514 3122 651 3181 exeuntis
672 3123 840 3184 ineuntisre
863 3124 995 3184 alterius.
1029 3123 1132 3181 Edidit
1146 3121 1299 3198 Berlanga
1319 3140 1348 3197 p.
1367 3119 1473 3178 lilss.
1496 3118 1565 3176 libri

227 3222 281 3283 cui
302 3220 344 3283 dc
364 3222 485 3285 aeribus
506 3222 734 3285 Ursoncnsibas
756 3225 874 3285 adiecta
894 3226 997 3285 tabula
1021 3224 1226 3302 lithographa‚
1254 3242 1291 3280 ex
1319 3240 1378 3298 qua
1400 3241 1447 3279 vr.
1466 3222 1478 3277 l
1498 3229 1527 3277 et
1548 3218 1565 3276 2

225 3324 318 3387 initio
345 3324 453 3405 paullo
478 3326 631 3403 pleniores
653 3326 788 3403 (scilicet
813 3328 922 3389 litteris
950 3328 1112 3387 dimidiatis
1139 3324 1261 3401 auctos)
1288 3323 1448 3400 descripsi3
1476 3323 1566 3380 etiarn

224 3426 293 3487 r.3
315 3436 467 3503 atroam,
488 3428 540 3488 ubi
560 3429 636 3489 nihil
657 3448 830 3506 comparere
852 3431 925 3489 dicit
938 3430 1101 3508 Berlanga,
1124 3428 1226 3486 tabula
1247 3428 1350 3485 hastae
1373 3426 1460 3484 unius
1478 3426 1565 3483 vesti·

220 3530 310 3613 giam
333 3531 479 3609 praebet3
500 3538 656 3609 practerea
677 3552 747 3603 vero
769 3533 845 3591 nihil
866 3552 999 3611 anquam
1020 3533 1078 3591 boc
1094 3549 1183 3589 versu
1205 3530 1347 3605 scriptum
1370 3536 1443 3585 crat.
1481 3526 1567 3602 Quae

155 3612 161 3685 l
218 3640 348 3695 natant
367 3634 447 3693 baec
468 3644 555 3693 sunt:
1094 3618 1097 3623 ’

777 4283 973 4345 lvnrcrn
1003 4300 1159 4344 rarrvn

748 4402 829 4445 rvr
855 4402 1003 4447 roorn
1029 4401 1160 4446 nono

713 4503 1159 4561 retrovovrarcree

199 4902 419 4971 Particularia
441 4917 512 4960 esso
533 4898 623 4959 edicti
645 4898 693 4957 vel
715 4896 861 4975 epistulae
882 4916 921 4954 ex
942 4896 1019 4953 vobis
1042 4896 1198 4967 vocabulo,
1220 4895 1299 4972 quod
1322 4915 1349 4953 r.
1367 4894 1384 4952 b
1399 4901 1475 4954 extr.
1496 4893 1567 4970 legi-

200 5020 279 5085 tur,
312 5013 403 5067 recto
423 5000 579 5081 Borlanga
604 5000 760 5061 conclusit.
805 4996 864 5059 Sed
891 4999 971 5075 quod
997 4997 1238 5056 constitutionem
1265 4997 1361 5057 fuisse
1382 4996 1567 5056 existimavit

201 5105 424 5193 imperatoris
445 5103 611 5176 Hadriani,
633 5122 694 5181 qua
715 5104 742 5162 is
762 5101 963 5177 municipibus
985 5099 1194 5158 Italicensibus
1216 5100 1350 5158 coloniae
1372 5100 1420 5158 ius
1442 5099 1567 5170 dederit,

204 5216 326 5281 ninus
353 5214 474 5273 eertum
502 5214 558 5269 cst.
605 5204 744 5266 Primam
771 5204 852 5264 enim
881 5222 917 5262 nc
947 5201 1024 5260 illud
1051 5202 1171 5280 quidem
1199 5211 1280 5263 certo
1307 5202 1429 5281 probari
1457 5208 1566 5280 potest,
