3458 6292
191 474 258 542 126
622 489 926 539 aninsanss'rvu
946 490 1030 541 vos.
1049 490 1078 538 11

184 668 257 741 5‚3
285 678 314 725 et
342 666 391 722 ubi
417 665 516 742 agitur
537 665 574 722 de
596 664 777 740 spectaculis
801 664 833 735 6,
854 662 909 734 30,
937 674 969 720 ut
990 664 1019 719 in
1042 663 1089 720 his
1112 663 1250 721 omnibus
1273 665 1389 722 colonis
1411 667 1516 741 aequi-

184 776 342 845 parentum
375 767 405 824 id
435 767 515 843 quod
544 767 573 823 in
604 766 786 844 spectaculis
815 767 885 823 item
915 765 1049 840 pervenit
1076 766 1112 823 ad
1143 767 1265 840 hospites
1294 768 1519 844 quaestoresque

185 873 287 930 cadem
310 871 373 928 iere
394 869 534 939 formula,
555 887 632 945 quae
654 868 769 926 balneis
790 867 919 945 publicis
941 867 1062 925 inscribi
1084 864 1250 943 solebat1).
1273 901 1310 911 -
1333 867 1395 928 Ubi
1419 872 1519 948 agitur

184 974 221 1032 de
249 972 368 1031 colonia
393 972 483 1029 armis
512 971 700 1029 defendenda
725 990 792 1029 cum
820 970 930 1027 incolae
957 970 1092 1028 dicantur
1118 971 1279 1044 contributi,
1310 971 1448 1030 videntur
1476 974 1518 1031 ibi

185 1076 319 1151 intellegi
344 1094 404 1133 non
433 1083 492 1131 tam
521 1076 600 1132 cives
621 1074 751 1133 Romani
779 1073 904 1149 originis
931 1072 1069 1130 diversae
1091 1071 1209 1131 Ursune
1230 1074 1373 1152 degentes
1398 1075 1519 1151 (quam-

184 1196 275 1253 quam
300 1178 356 1234 hos
382 1194 501 1252 quoque
527 1177 564 1234 ad
593 1176 808 1235 defendendam
836 1175 985 1234 coloniam
1013 1174 1162 1234 adhibitos
1189 1193 1255 1235 esse
1283 1186 1519 1237 consentaneum

185 1281 246 1356 est)
273 1298 364 1355 quam
390 1278 493 1355 pupuli
522 1279 584 1337 sive
606 1278 707 1337 Latini
732 1278 807 1335 iuris
835 1279 899 1336 sive
926 1277 1074 1353 peregrini
1101 1296 1196 1336 novae
1223 1279 1357 1339 coloniae
1383 1282 1520 1339 attributi

186 1401 222 1439 eo
244 1382 318 1453 iure,
341 1399 400 1457 quc
423 1360 540 1439 Carnos
562 1378 743 1458 Catulusque
766 1380 965 1456 Tergestinis,
988 1377 1161 1438 Camunnos
1183 1380 1337 1439 Brixianis
1359 1384 1520 1461 Augustus

188 1481 379 1558 attribuit²);
407 1482 552 1541 sollemne
578 1484 657 1540 enim
683 1492 729 1541 est
751 1484 782 1541 in
804 1482 850 1539 his
873 1482 1052 1540 attribuendi
1075 1483 1140 1541 sive
1161 1484 1366 1543 contribuendi
1389 1486 1521 1545 vocabu·

185 1587 258 1656 lum,
281 1604 335 1644 nec
357 1585 460 1661 negari
482 1593 582 1660 potest
602 1585 767 1643 incolarum
789 1586 909 1643 nomine
928 1584 1017 1643 etiam
1032 1585 1179 1643 eiusmodi
1194 1585 1329 1645 homines
1343 1597 1424 1646 recte
1437 1608 1521 1647 eom-

185 1687 337 1766 prehendi.
372 1686 560 1763 Quamquam
582 1696 661 1745 reete
684 1688 812 1746 sortasse
826 1686 1003 1745 lluschkius
1025 1689 1120 1746 suasit
1136 1696 1169 1745 ut
1187 1688 1360 1747 emendetur
1374 1690 1521 1767 eolou(os)

185 1791 351 1865 incolasque
377 1789 644 1866 contributos[que],
671 1798 703 1848 ut
731 1789 834 1848 addita
860 1789 1006 1865 particula
1032 1790 1147 1849 incolae
1173 1791 1234 1848 sint
1260 1791 1310 1867 qui
1337 1808 1458 1868 semper
1479 1793 1523 1852 ita

187 1892 389 1969 appellantur,
417 1892 575 1950 contributi
601 1901 700 1950 autem
728 1891 766 1950 ab
793 1891 900 1950 incolis
928 1891 1157 1968 distinguantur.
1178 1925 1219 1935 —
1247 1892 1294 1952 Eo
1322 1901 1423 1953 autem
1451 1894 1522 1953 locu

186 2012 247 2071 quo
274 1994 310 2051 de
337 1993 553 2052 munitionibus
581 1994 679 2070 agitur
704 2012 769 2052 eum
797 1994 840 2052 sic
861 1995 1061 2072 perscriptum
1083 1994 1136 2052 sit:
1164 1998 1214 2071 qui
1234 1998 1264 2053 iu
1286 2014 1319 2053 co
1341 1997 1456 2055 colonia
1478 2002 1522 2054 in·

189 2107 268 2154 trous
290 2099 349 2153 eius
372 2098 500 2155 coloniae
514 2098 588 2173 flues
610 2097 781 2154 domicilium
798 2098 984 2172 praediorum
1006 2097 1116 2155 iubebit
1136 2116 1225 2173 aeque
1247 2101 1306 2156 eius
1328 2098 1457 2157 coloniae
1477 2120 1523 2159 eo·

189 2200 271 2257 Ionos
294 2202 359 2267 erit,
385 2208 510 2275 apparet
532 2199 649 2274 plenius
672 2198 834 2275 significari
855 2217 922 2255 eum
944 2198 1059 2257 incolas
1081 2208 1144 2257 turn
1166 2217 1357 2275 possessores
1379 2220 1449 2273 eos,
1471 2202 1524 2278 qui

56 2312 169 2363 Colono-
187 2319 244 2359 nec
270 2300 351 2359 cives
380 2319 436 2359 nec
463 2301 579 2358 incolae
611 2310 719 2359 essent.
740 2333 781 2342 -
809 2300 948 2376 Denique
977 2301 1056 2376 quod
1084 2300 1203 2360 aliunde
1231 2320 1351 2379 quoque
1378 2323 1525 2364 notamus

83 2402 140 2436 ‘¹¹⁰¹
188 2403 296 2462 civium
323 2420 434 2461 uxores
460 2403 587 2479 originis
614 2403 729 2461 alienae
757 2403 787 2460 in
816 2402 913 2460 mariti
942 2402 1062 2461 civitate
1089 2404 1255 2463 incolarum
1280 2404 1348 2463 loeo
1374 2406 1525 2482 suisse³),

65 2475 159 2510 mm
188 2505 219 2563 id
245 2506 336 2564 etiam
363 2505 453 2564 huius
479 2504 556 2582 legis
584 2525 609 2563 c.
633 2503 804 2564 CXXXIII
832 2513 962 2562 cavetur.
1010 2504 1089 2563 Nam
1119 2506 1226 2582 legibus
1254 2507 1382 2567 coloniae
1409 2512 1527 2586 uirique

187 2627 305 2684 parere,
328 2606 471 2684 quamdiu
492 2607 714 2665 matrimonium
736 2607 837 2678 durat,
859 2607 939 2665 idem
962 2616 1008 2665 est
1028 2615 1117 2683 atque
1139 2609 1267 2667 incolam
1288 2626 1366 2669 esse.

272 2710 399 2768 Munera
421 2710 595 2767 colonorum
616 2709 841 2784 incolarumque
864 2710 924 2767 duo
944 2719 1215 2768 commemorantur
1228 2711 1376 2771 notabilia
1390 2713 1528 2787 omnino,

66 2825 163 2875 Militia
192 2812 308 2871 scilieet
328 2812 437 2870 militia
459 2813 492 2882 5,
509 2809 582 2886 2sq.
604 2820 634 2869 et
656 2811 781 2870 munitio
805 2811 838 2881 3,
855 2810 892 2869 23
903 2829 947 2886 sq.
991 2811 1078 2869 Illam
1102 2811 1199 2871 adhuc
1220 2814 1400 2873 credidImns
1423 2814 1527 2874 locum

190 2915 267 2973 inter
288 2933 412 2971 munera
434 2912 624 2991 municipalia
646 2912 760 2971 nullum
781 2912 936 2983 habuisse3
960 2913 1074 2972 scilicet
1095 2933 1162 2972 cum
1179 2916 1402 2993 magistratibus
1418 2918 1529 2993 populi

192 3017 321 3074 Romani
343 3016 390 3073 ius
411 3023 492 3073 esset
513 3015 748 3090 quibuscumque
770 3015 881 3072 vellent
902 3016 966 3073 sive
988 3016 1101 3075 civibus
1124 3017 1188 3075 sive
1210 3018 1375 3096 peregrinis
1397 3019 1528 3079 militiae

191 3117 366 3177 indicendae
387 3125 448 3174 tam
470 3117 550 3175 iusto
571 3117 688 3175 delectu
702 3136 791 3193 quam
806 3118 1011 3191 tumultuario,
1034 3118 1218 3179 coloniarum
1232 3121 1529 3199 munIcipiorumque

190 3217 415 3296 magistratibus
441 3218 471 3275 id
497 3219 594 3294 ipsum
621 3236 809 3296 nequaquam
835 3221 967 3278 licuisse.
1010 3220 1076 3278 Iam
1102 3240 1174 3280 vero
1200 3223 1360 3282 educemur
1384 3225 1528 3284 coloniae

190 3322 299 3380 civium
321 3320 524 3379 Romanorum
551 3322 581 3377 in
604 3320 753 3398 HIspania
777 3340 796 3378 a
816 3323 961 3381 dictatore
984 3319 1115 3382 Caesare
1136 3324 1280 3385 deductae
1301 3325 1527 3400 decurionibus,

191 3443 257 3483 eum
284 3423 359 3481 fines
385 3422 521 3481 coloniae
547 3423 643 3481 hostis
665 3424 828 3483 invasisset
849 3425 1047 3484 invasurusve
1069 3435 1163 3498 esset,
1189 3427 1237 3484 ins
1259 3427 1354 3487 fuisse
1375 3427 1414 3487 de
1436 3448 1473 3487 ea
1494 3448 1528 3487 re

190 3524 368 3585 decernendi
395 3524 572 3599 decretoque
599 3525 676 3583 laetu
702 3526 824 3585 licuisse
844 3527 943 3585 Ilviro
969 3527 1048 3599 eive,
1075 3545 1164 3604 quem
1184 3529 1211 3588 is
1233 3546 1288 3587 sao
1309 3530 1377 3588 loeo
1399 3532 1527 3590 uniatis

190 3627 400 3705 praefecisset,
427 3627 551 3686 colonos
573 3627 747 3704 incolasque
768 3629 820 3704 qui
842 3647 926 3686 arma
947 3628 1024 3687 ferre
1046 3638 1172 3706 possent
1192 3649 1317 3691 evocare
1339 3632 1528 3710 educereqrre

191 3732 277 3806 eique
292 3729 392 3788 IIviro
414 3729 602 3805 praelectove
623 3730 688 3788 eius
711 3730 964 3789 animadvertendi
987 3732 1017 3789 in
1033 3732 1141 3791 milites
1156 3731 1236 3791 idem
1251 3734 1299 3792 ius
1313 3734 1421 3808 fulsse,
1443 3736 1527 3811 quod

191 3842 239 3891 est
265 3832 385 3891 tribuno
408 3831 537 3889 militum
558 3832 589 3888 in
612 3832 745 3890 exercitu
765 3833 871 3909 populi
891 3833 1029 3891 Romani.
1072 3830 1195 3893 Scilicet
1214 3823 1308 3919 eripede
1329 3834 1406 3904 ἐστι,
1432 3836 1527 3914 Poly·

190 3934 299 4010 bius⁴)
326 3934 382 4005 ait,
413 3923 462 3991 nai
489 3928 593 4004 ζημιῶν
618 3930 634 3990 o‘
662 3926 823 4016 χιλίαρχος
848 3925 896 3991 καὶ
922 3926 1115 4019 ἓνεχυριοῖζων
1140 3928 1189 3993 καὶ
1214 3938 1380 4014 μαστιγῶν,
1409 3957 1528 4017 poenae

269 4165 292 4226 ¹)
320 4164 422 4215 Titulus
441 4165 605 4214 Interamnae
625 4165 858 4216 Praetuttianomm
882 4174 998 4231 repertus
1022 4166 1060 4228 (1.
1073 4168 1108 4219 N.
1122 4168 1194 4219 6149
1214 4188 1248 4210 =
1266 4170 1373 4220 Henaeu
1388 4169 1473 4232 6962)
1491 4172 1528 4221 sle

191 4259 281 4308 habet:
302 4254 332 4316 Q.
351 4255 378 4307 C.
392 4255 522 4324 Puppoeei
539 4254 569 4315 Q.
582 4256 608 4321 f.
623 4258 752 4323 patrona)
770 4258 890 4325 municipi
908 4266 932 4308 et
950 4259 1061 4309 colonici
1077 4258 1251 4328 municipibus,
1271 4260 1390 4323 cotoneis,
1410 4262 1526 4323 incoieia,

192 4349 339 4418 hospitibus,
361 4348 540 4400 udrcrrturibua
558 4349 709 4399 lavationem
730 4350 755 4399 iu
769 4357 915 4417 perpetuum
934 4350 964 4401 de
982 4366 1030 4400 sue
1043 4352 1155 4418 pecunia
1173 4350 1242 4402 dam.
1272 4353 1378 4405 Similes
1390 4364 1451 4405 suut
1462 4357 1527 4406 Ver·

194 4444 311 4493 cellensis
331 4442 446 4504 (Bruzza
465 4442 523 4492 iser.
543 4438 649 4491 I'crcell.
669 4458 694 4506 p.
709 4443 744 4491 43
764 4461 798 4482 =
820 4442 848 4492 C.
862 4444 884 4492 1.
897 4445 928 4493 L.
944 4445 975 4504 V,
990 4443 1087 4505 6668),
1112 4445 1296 4495 Praenestinus
1314 4444 1413 4507 (Orelli
1432 4446 1526 4509 3326),

192 4537 324 4588 suasanus
350 4534 440 4594 (Orell.
462 4532 563 4594 2267),
589 4534 639 4583 nisi
664 4534 734 4598 quod
758 4533 888 4584 adduntur
912 4537 939 4585 in
958 4536 1127 4587 Praenestino
1151 4537 1220 4586 serui
1236 4553 1333 4599 eurum,
1358 4538 1387 4589 in
1407 4540 1527 4593 suasano

192 4643 297 4678 uxsores
315 4628 397 4677 seruet
416 4626 571 4691 ancillaeque
590 4642 681 4675 currum.

271 4716 296 4781 ²)
323 4719 477 4784 Marquardt
496 4716 740 4784 Stootscerwultuug
762 4720 786 4781 1,
803 4720 827 4768 7.
866 4720 907 4770 cf.
928 4718 957 4771 C.
971 4721 993 4769 Ι.
1007 4722 1037 4770 L.
1048 4722 1074 4771 V
1093 4737 1118 4785 p.
1132 4720 1178 4771 53.
1191 4722 1254 4772 440.

270 4810 295 4874 ³)
323 4812 384 4875 Dig.
400 4813 446 4873 50,
463 4814 487 4872 1,
502 4811 551 4872 36,
567 4810 597 4860 3:
616 4810 741 4860 mulierem
760 4811 878 4877 quamdiu
898 4819 976 4879 nupta
994 4820 1031 4862 est
1049 4812 1157 4862 incolam
1174 4812 1282 4864 eiusdem
1300 4815 1417 4866 ciuitates
1435 4814 1557 4879 rideri..

193 4905 263 4954 cuius
286 4904 392 4954 moritus
414 4905 468 4953 eius
491 4910 528 4952 est
550 4910 574 4952 et
597 4901 645 4963 iti,
670 4902 735 4953 unde
759 4904 879 4971 originem
904 4902 994 4965 trabit,
1020 4920 1069 4954 nors
1093 4907 1153 4973 cogi
1168 4904 1310 4957 muneribus
1319 4905 1409 4975 sangi.
1447 4909 1553 4960 thrn

193 4995 270 5046 atiidt.
289 4992 443 5061 Verfaasimg
464 4996 547 5057 1,16.

269 5085 294 5148 ⁴)
324 5089 354 5149 6,
374 5088 417 5150 37,
440 5090 464 5137 6.
503 5087 543 5137 Cf.
563 5088 652 5137 Macer
670 5088 731 5153 Dig.
751 5088 795 5149 49,
813 5090 969 5151 ra,1s,2:
994 5087 1102 5153 ursticium
1120 5088 1275 5143 tribunorum
1292 5100 1332 5143 ert
1350 5128 1412 5146 ....
1432 5092 1544 5144 detera

193 5178 326 5232 seeundum
344 5195 405 5231 suae
425 5179 585 5230 auctoritatis
603 5179 699 5231 mudum
717 5181 854 5247 castigarc.
