3458 6292
512 466 565 515 so.
590 466 636 513 nu
656 465 834 514 NVNDINIS
854 464 992 514 aruris
1012 465 1226 517 uizcvnssrs.
1461 450 1532 518 277

200 641 304 699 omnia
325 641 447 697 nomina
469 640 645 709 referuntur,
667 641 787 698 nomina
802 639 981 718 principalia
996 639 1026 697 in
1042 640 1100 696 fine
1115 650 1278 717 ponuntur,
1302 643 1393 700 etiarn
1409 661 1533 717 praeno-

202 763 282 814 men,
305 743 386 819 quod
408 761 525 814 moneo,
547 762 613 801 cum
636 743 666 800 id
689 745 726 801 ab
751 762 805 801 usu
827 741 990 816 recedat.¹)

289 844 454 906 Scribendo
477 846 636 904 adfuerunt
657 854 810 904 senatores
832 862 954 903 numero
978 852 1107 919 septem,
1137 864 1176 902 ex
1203 847 1313 920 quibus
1336 847 1357 904 ii
1385 848 1435 923 qui
1465 867 1534 924 pos-

204 957 300 1008 tremo
321 949 389 1006 loco
410 956 564 1024 ponuntur
585 959 760 1024 quaestores
782 955 859 1006 sunt.
904 944 1056 1005 Numerus
1078 947 1129 1004 ille
1151 957 1248 1005 utrum
1269 948 1410 1008 fortuitus
1436 951 1534 1009 sitan

203 1059 301 1110 aetate
316 1051 508 1125 imperatoria
526 1058 680 1120 statutum,
704 1061 735 1108 ut
756 1051 844 1108 etiam
868 1051 897 1106 in
921 1056 1043 1107 senatus
1065 1050 1212 1108 consultis
1228 1052 1452 1110 conscribendis
1468 1071 1533 1128 sep·

203 1164 263 1212 tem
285 1162 378 1212 testes
401 1153 557 1223 adessent,
580 1171 638 1209 non
661 1153 803 1221 diiudico;
837 1151 997 1209 notandum
1022 1159 1120 1210 autem
1143 1152 1260 1211 videtur
1281 1171 1346 1211 esse
1368 1165 1533 1213 curatorem

201 1267 336 1314 actorum
359 1265 480 1314 senatus
503 1256 653 1313 intereos
675 1256 724 1329 qui
748 1255 906 1312 scribendo
927 1252 1077 1311 adfuerint
1098 1256 1223 1331 reperiri
1245 1255 1359 1313 nullum
1367 1277 1376 1327 ;
1410 1268 1535 1332 apparet

201 1360 304 1435 igitur,
326 1358 356 1415 id
371 1358 451 1433 quod
466 1357 555 1415 etium
571 1358 639 1415 aliis
661 1356 697 1414 de
719 1356 817 1414 causis
840 1357 1002 1414 verisimile
1023 1365 1079 1426 est,
1108 1357 1139 1415 iu
1162 1357 1364 1432 concipiendis
1386 1360 1533 1418 consultis

202 1469 326 1520 senatus
352 1479 419 1517 eum
443 1469 592 1516 versatum
620 1478 679 1516 non
705 1476 773 1516 esse
799 1458 853 1515 sed
875 1477 912 1515 ea
932 1458 992 1514 iam
1013 1460 1190 1535 conscripta*
1205 1461 1359 1536 accepisse
1381 1467 1469 1536 atque
1491 1464 1533 1520 ita

200 1565 232 1621 in
248 1571 315 1620 acta
330 1562 494 1634 rettulisse,
516 1561 624 1636 quibus
640 1571 758 1637 praeter
772 1562 841 1636 ipsa
854 1560 974 1619 decreta
995 1560 1084 1618 etiam
1107 1562 1272 1619 sententiae
1288 1580 1306 1618 a
1321 1563 1456 1638 patribus
1472 1564 1533 1622 dic·

200 1677 259 1737 tae,
287 1665 403 1723 litterae
424 1664 463 1721 ad
486 1672 622 1720 senatum
645 1664 772 1737 scriptae
792 1661 911 1738 aliaque
934 1663 1169 1722 continebantur.
1213 1663 1263 1720 Ex
1284 1666 1472 1723 senatoribus
1493 1667 1532 1723 iis

203 1767 240 1825 de
262 1784 389 1842 quorum
412 1773 475 1822 toto
497 1766 616 1823 nomine
637 1772 752 1822 constat
774 1765 832 1822 duo
855 1765 917 1822 uoti
941 1777 1020 1823 sunt:

287 1868 318 1927 C.
347 1867 458 1943 Oppias
484 1866 516 1924 0.
532 1869 559 1941 f.
590 1867 647 1924 Vel.
672 1866 793 1924 Severus
815 1868 845 1924 iu
868 1867 1060 1943 inscriptione
1083 1867 1209 1926 Auximi
1231 1867 1385 1945 repertal)
1409 1880 1532 1929 vocatur

206 1971 237 2030 C.
268 1970 378 2047 Oppiae
404 1970 434 2029 C.
452 1973 480 2043 s.
510 1968 569 2027 Vel.
593 1969 719 2027 Sabinus
740 1969 835 2026 Iuliae
859 1969 955 2044 Nepos
981 1969 1023 2026 Μ.
1056 1969 1152 2028 Vibius
1174 1970 1316 2029 Solemnis
1338 1970 1474 2043 Seuerum
1502 1974 1531 2031 iu

201 2073 305 2132 eodem
320 2072 406 2130 titulo
422 2072 491 2130 viro
506 2070 662 2129 Hadriano
684 2071 778 2128 inciso
799 2071 973 2129 consulatus
995 2071 1059 2130 eius
1082 2073 1194 2130 mentio
1216 2075 1258 2146 fit,
1283 2081 1315 2131 ut
1337 2093 1404 2132 eum
1427 2092 1453 2133 a.
1473 2077 1530 2134 138

201 2176 392 2235 consularem
414 2174 507 2232 luisse
529 2181 652 2231 constet.

286 2278 319 2335 P.
347 2275 466 2335 Caenus
487 2274 524 2332 L.
542 2277 570 2349 s.
587 2275 666 2333 Acin.
685 2274 794 2332 Dexter
815 2275 880 2333 sine
901 2275 995 2350 patris
1017 2275 1137 2333 nomine
1160 2275 1297 2352 tribuque
1319 2296 1532 2339 commemora·

201 2389 250 2439 tur
270 2382 301 2438 in
317 2379 404 2438 titulo
417 2376 610 2452 Canusinol)
634 2377 721 2434 uxori
744 2377 808 2434 eius
824 2378 941 2435 Anniae
956 2377 1082 2436 Rufinae
1104 2378 1251 2451 dedicato,
1274 2380 1351 2439 unde
1373 2401 1440 2440 eum
1463 2400 1531 2460 sep·

200 2484 360 2542 temvirum
382 2481 542 2556 epulonum
563 2478 659 2537 fuisse
680 2478 833 2549 discimus,
855 2479 993 2555 idemque
1014 2490 1061 2538 est
1082 2478 1208 2540 Cassius
1224 2481 1340 2540 Dexter
1362 2492 1391 2540 et
1406 2482 1531 2544 Cassius

198 2583 359 2663 proconsul
382 2583 419 2641 ad
441 2600 530 2657 quem
552 2581 672 2656 saepius
695 2581 850 2657 rescripsit
870 2582 1037 2658 Imperator
1057 2583 1228 2642 Antoninus
1249 2581 1371 2660 Pius.⁴)

283 2686 318 2743 P.
340 2684 454 2743 Nonius
475 2683 517 2740 M.
534 2685 562 2757 s.
585 2683 734 2742 Macrinus
755 2685 875 2760 ignotus
898 2693 957 2743 est:
992 2685 1086 2743 tribus
1108 2685 1227 2743 ridetur
1255 2703 1323 2745 esse
1346 2686 1530 2763 Oas(entina)

199 2796 231 2848 ut
252 2789 312 2847 iam
333 2787 365 2844 in
386 2784 556 2844 Nouiorum
576 2793 663 2860 gente
685 2804 724 2843 ex
747 2784 849 2844 Gallia
870 2786 1019 2862 cisalpina
1043 2793 1076 2843 ut
1097 2786 1214 2845 videtur
1235 2789 1362 2847 oriunda
1377 2788 1531 2848 Veronen-

198 2892 276 2950 sium
299 2889 571 2963 Brixianorumque
593 2887 721 2963 tribui⁵)
751 2888 840 2946 tertia
861 2888 983 2946 accedat
1005 2885 1197 2948 comensium
1212 2890 1529 2951 Mediolanensiumve.

200 2991 291 3052 Certa
312 2992 419 3068 opinor
440 2990 610 3048 coniectura
632 2991 735 3066 quinto
757 2991 823 3049 loco
845 2991 964 3049 restitui
986 3008 1093 3049 nomeu

284 3092 364 3169 [Sec.
380 3092 522 3168 Eru]ci[i]
539 3091 580 3150 M.
589 3094 617 3166 s.
635 3091 717 3162 Quir.
738 3093 822 3152 Clari
842 3093 975 3151 consulis
997 3093 1104 3151 iterum
1127 3114 1152 3151 a.
1179 3094 1247 3167 146,
1271 3095 1319 3152 cui
1333 3097 1446 3172 optime
1461 3114 1529 3155 cou-

199 3197 324 3255 veniunt
350 3196 463 3253 incerta
491 3213 568 3270 quae
596 3194 692 3252 adbuc
714 3195 852 3253 visuntur
878 3195 1045 3253 litterarum
1066 3179 1207 3272 vestigia:
1240 3198 1330 3256 homo
1351 3199 1418 3275 ipse
1440 3209 1529 3258 notus

199 3299 292 3375 esti)

284 3400 334 3459 De
356 3401 393 3457 iis
416 3399 466 3474 qui
489 3407 603 3456 restant
624 3399 719 3458 tribus

285 3503 320 3572 Q.
345 3500 463 3560 Solonio
487 3498 527 3574 (i)
559 3500 592 3570 Q.
609 3502 636 3574 s.
664 3501 729 3571 Qui.
752 3501 814 3574 (vel
842 3501 1048 3577 Oris.)¹Lonpo
1071 3501 1112 3577 (?)

284 3644 924 3662 ...........................
946 3604 1086 3674 Quartino

287 3704 319 3764 0.
344 3707 390 3765 Fi.
518 3704 567 3762 vel
592 3704 621 3762 C.
646 3704 769 3762 Fa...

200 3827 258 3868 non
282 3808 377 3865 habeo
399 3806 481 3882 quod
496 3805 602 3874 dicam,
626 3824 721 3882 neque
744 3805 780 3862 de
802 3805 919 3865 Lucilio
935 3806 1084 3883 Africano,
1107 3827 1289 3886 quamquam
1312 3815 1456 3872 senatorii
1480 3833 1525 3870 or·

197 3912 366 3980 diuisum,
388 3918 513 3984 genteve
536 3907 600 3966 eius
623 3925 701 3982 quae
722 3907 881 3966 latifundia
902 3910 933 3967 in
955 3911 1109 3985 provincia
1126 3911 1230 3970 Africa
1251 3914 1424 3990 possedisse
1447 3917 1526 3975 vide-

198 4025 254 4084 tur,
278 4015 436 4088 quicquam
458 4011 589 4087 reperire
610 4010 703 4087 potui.

283 4111 458 4191 signatores
486 4120 515 4170 et
548 4113 583 4183 ii,
611 4112 661 4188 qui
683 4113 797 4171 scribae
820 4113 972 4188 dicuutur,
1001 4124 1031 4174 et
1051 4117 1160 4193 reliqui
1184 4119 1274 4178 simul
1293 4120 1437 4180 nominati
1461 4141 1525 4180 cum

198 4216 330 4274 libertini
352 4215 421 4286 sint,
444 4214 553 4272 absunt
575 4223 694 4289 patrum
715 4215 837 4274 uomina
858 4217 1022 4293 tribusque.

200 4426 403 4435 -..-———-

275 4574 297 4634 ¹)
325 4575 472 4624 Mommsen
491 4573 601 4622 Hermes
621 4574 636 4622 3
657 4589 681 4637 p.
704 4572 746 4622 76.

274 4664 298 4727 ²)
328 4666 423 4717 Gruter
442 4665 504 4724 446,
527 4667 552 4713 4.

272 4756 296 4818 ³)
324 4759 405 4807 Inscr.
426 4757 509 4818 Neap.
531 4755 593 4805 645.

272 4848 296 4909 ⁴)
323 4850 382 4913 Ulp.
401 4849 462 4912 Dig.
484 4848 526 4908 36,
550 4851 574 4909 1,
599 4849 630 4898 16
650 4847 664 4910 ξ
686 4847 733 4912 17;
753 4852 798 4912 40,
820 4851 844 4914 5,
867 4853 902 4902 30
921 4850 936 4914 ξ
956 4854 981 4903 6.
1020 4853 1131 4905 Callistr.
1151 4855 1212 4920 Dig.
1232 4856 1276 4917 42,
1298 4858 1323 4918 1,
1344 4858 1388 4907 31.

272 4940 296 5000 ⁵)
325 4941 402 5005 Corp.
423 4942 447 4990 V
467 4957 491 5003 p.
513 4937 574 4989 339.

272 5031 296 5094 6)
324 5034 355 5083 ci.
375 5033 520 5083 Mommsen
540 5032 599 5083 Iud.
619 5032 688 5083 Plin.
708 5034 749 5084 ed.
770 5036 830 5086 Keil
848 5053 873 5101 p.
894 5036 957 5088 409.
