3458 6292
602 509 676 559 nux
694 508 776 559 con.
798 508 1024 559 crururrvna.
1409 491 1485 560 145

147 685 237 744 citari
257 686 334 742 inter
346 684 447 741 borum
467 683 617 741 acuendam
631 692 657 741 et
671 684 807 741 decimam
822 684 887 740 diei.
905 715 943 724 -
966 682 1084 742 Deinde
1099 682 1179 759 quod
1194 683 1244 741 lex
1261 683 1388 741 delatori
1403 690 1486 758 qunt-

147 796 218 847 tuor
238 787 332 845 boras
354 786 416 857 dat,
438 785 695 861 subscriptoribus
719 785 844 863 singulis
866 785 964 858 binas,
986 805 1039 844 reo
1061 785 1254 863 patronisque
1276 785 1339 843 eins
1363 785 1488 843 alterum

149 896 268 950 tantum
292 887 446 965 temporis,
467 896 611 964 quantum
633 888 827 959 accusationi,
848 887 879 945 id
901 887 975 945 nihil
996 887 1128 964 impedit,
1151 888 1310 964 quominus
1333 888 1488 946 uindiciis

150 992 282 1069 publicis
304 1008 382 1067 quae
404 1008 441 1049 eo
461 998 596 1068 tempore
616 990 648 1048 in
671 990 743 1048 urbe
765 991 870 1049 fierent
892 989 1070 1048 translatum
1092 1007 1160 1049 esse
1182 1000 1335 1068 putemus3
1358 1001 1437 1050 certe
1459 993 1489 1050 in

153 1112 248 1154 musa
268 1092 437 1152 Miloniana
457 1091 538 1169 quod
560 1091 745 1150 accusationi
767 1092 843 1151 duae
865 1093 957 1151 horae
979 1093 1067 1151 datae
1089 1100 1168 1165 sunt,
1196 1093 1361 1152 defensioni
1384 1094 1488 1169 trcs1),

153 1215 215 1256 non
237 1206 389 1276 quattuor,
411 1202 528 1253 tautum
549 1194 649 1266 abest,
673 1201 705 1252 ut
727 1195 766 1253 ad
787 1195 958 1270 exemplum
980 1195 1058 1252 trahi
1079 1196 1190 1272 possit,
1218 1202 1252 1253 ut
1273 1196 1427 1273 probabile
1450 1198 1490 1255 sit

156 1298 345 1377 iniquitatem
366 1298 444 1375 legis
464 1296 608 1356 adversus
631 1296 820 1357 defensorem
841 1299 872 1357 in
894 1316 931 1355 ea
951 1314 1070 1373 quoquc
1091 1317 1123 1355 re
1146 1299 1237 1369 cerni,
1259 1299 1339 1374 quod
1354 1319 1392 1357 ex
1406 1309 1490 1376 quat·

159 1410 225 1461 tuor
245 1400 331 1461 boris
351 1400 494 1477 legitimis
515 1418 604 1458 unam
625 1399 652 1458 ei
675 1398 813 1459 auferret
856 1400 960 1478 Ipsum
983 1400 1123 1459 horarum
1146 1419 1302 1460 numerum
1324 1402 1490 1478 legitimum

161 1522 215 1563 neo
240 1504 315 1564 satis
341 1510 525 1579 compertum
552 1501 671 1561 aliunde
697 1500 882 1578 habemust)
909 1522 963 1561 nec
988 1503 1145 1580 probabile
1171 1513 1219 1562 est
1240 1504 1438 1581 aequabiliter
1459 1506 1491 1563 in

166 1608 298 1667 omnibus
324 1604 445 1665 iudiciis
466 1603 504 1663 de
525 1622 560 1661 eo
581 1612 701 1663 cnutum
722 1603 826 1664 fuisse.
869 1606 1089 1664 Accusatorum
1111 1614 1210 1664 autem
1233 1605 1325 1665 alium
1348 1607 1400 1665 alii
1422 1626 1490 1683 par·

170 1716 223 1767 tem
243 1708 386 1785 temporis
408 1707 466 1766 sibi
487 1706 549 1765 dati
571 1707 734 1766 concedere
756 1708 891 1785 potuisse
913 1708 1002 1766 etium
1025 1705 1130 1766 Cicero
1153 1707 1351 1785 significum).

245 1810 367 1871 Aediles
387 1809 420 1868 in
440 1808 509 1887 lego
523 1828 588 1868 cum
603 1809 646 1867 ita
659 1810 862 1881 nominantur,
886 1817 919 1868 ut
932 1811 1044 1885 pariter
1058 1817 1148 1886 atque
1162 1810 1251 1868 lIviri
1267 1812 1361 1869 creari
1377 1811 1420 1887 (5,
1433 1809 1487 1888 29)
1512 1814 1620 1865 Aediles

179 1912 318 1973 iubeantur
343 1912 517 1991 pariterque
536 1911 748 1971 decurionibus
769 1914 974 1987 obtemperare
1001 1912 1050 1988 (7,
1068 1911 1135 1988 32),
1161 1922 1223 1972 tum
1245 1915 1368 1991 propria
1389 1932 1492 1972 eorum

185 2014 268 2075 mei·
289 2020 558 2075 commemorantur
578 2014 654 2073 iuris
676 2014 767 2073 dictio
790 2015 835 2091 (l,
856 2013 915 2091 99)
938 2022 968 2073 et
988 2016 1187 2075 munitionum
1208 2017 1331 2075 indictio
1354 2016 1406 2091 (3,
1426 2014 1491 2091 99),

116 2110 120 2179 J
189 2134 289 2195 quarum
309 2116 364 2177 illa
384 2124 458 2177 nota
477 2122 537 2189 est,
566 2117 639 2176 haec
664 2126 716 2175 aut
737 2118 840 2194 ignota
860 2126 913 2175 aut
934 2126 1013 2177 certe
1035 2138 1141 2196 parum
1165 2115 1320 2193 testata⁴).
1365 2117 1493 2177 Videtur

192 2226 268 2281 brnen
283 2218 429 2281 eiusmodi
451 2238 532 2291 cura,
553 2227 714 2297 postquam
734 2219 914 2297 locupletem
936 2229 1088 2279 auctorem
1110 2230 1198 2279 nacte
1216 2230 1271 2293 est,
1294 2231 1373 2280 recte
1387 2221 1493 2280 referri

196 2320 225 2379 td
236 2322 317 2401 ipsam
331 2322 446 2382 urbem.
478 2320 557 2381 Nam
572 2322 706 2381 munium
721 2322 962 2398 quotidianorum
977 2324 1151 2399 primarium
1166 2343 1266 2382 curam
1281 2324 1394 2382 viarum
1409 2325 1492 2382 urbis

197 2424 387 2485 umentorum
407 2424 619 2485 verrenderum
640 2424 867 2483 reficiendarum
889 2444 976 2483 nemo
998 2427 1116 2503 ignorat
1136 2427 1257 2504 proprie
1279 2434 1433 2502 spectasse
1455 2426 1493 2483 ud

197 2524 290 2601 itidem
315 2533 500 2605 quapropter
525 2544 584 2603 quo
606 2535 740 2602 tempore
761 2527 827 2586 viae
856 2528 1025 2603 similiaque
1047 2547 1107 2587 non
1128 2547 1182 2604 per
1203 2528 1406 2605 redemptores
1428 2548 1492 2586 mu·

196 2624 333 2703 uisuntur,
360 2628 416 2689 sed
436 2628 504 2688 sola
523 2629 631 2687 civium
654 2647 747 2706 opera
768 2649 786 2688 a
806 2631 1032 2707 magistratibus
1054 2630 1179 2703 indicte,
1206 2631 1328 2690 indictio
1351 2631 1492 2689 aedilium

194 2722 263 2789 sterit
280 2748 403 2792 necesse
429 2742 485 2791 est.
504 2764 543 2775 -
571 2730 633 2791 Sed
657 2740 691 2789 ut
715 2733 789 2790 haec
814 2741 892 2792 recte
919 2734 1101 2791 conveniunt
1126 2733 1165 2791 iis
1187 2752 1265 2810 quae
1288 2732 1324 2790 dc
1346 2733 1493 2791 aedilibus

116 2876 118 2883 =
188 2838 319 2897 inoleret
338 2834 452 2895 tradita
471 2834 626 2905 babemus,
647 2834 691 2892 ita
711 2836 819 2893 mirum
839 2845 886 2893 est
900 2836 930 2893 in
946 2835 1138 2893 decurionum
1155 2836 1281 2894 decretis
1296 2836 1441 2894 faciendis
1457 2835 1493 2892 de

116 2898 119 2931 Ι
184 2926 263 2995 ¹Obba
277 2936 371 2995 sacris
394 2936 439 3012 (7,
457 2933 521 3011 13),
542 2935 580 2994 de
602 2946 740 2995 senatore
763 2936 868 3013 populi
888 2938 1019 2996 Romani
1039 2945 1165 3015 patrono
1187 2939 1342 3015 hospiteve
1364 2937 1493 2996 creando

178 3020 216 3099 Π.
236 3036 278 3099 39.
291 3036 356 3116 52),
378 3038 417 3097 de
438 3037 563 3115 pecunia
584 3038 704 3116 publice
725 3039 913 3098 decernenda
934 3040 978 3116 (8,
994 3040 1048 3117 39)
1070 3040 1204 3099 duoviris
1225 3049 1370 3118 perpetuo
1393 3040 1494 3115 aequi-

167 3136 270 3201 Ρῑηιί
287 3140 410 3213 aediles,
432 3158 499 3201 cum
521 3141 611 3200 aedili
631 3142 679 3199 ius
701 3142 847 3200 referendi
871 3161 930 3201 non
951 3142 1047 3202 fuisse
1068 3152 1098 3201 et
1118 3144 1162 3202 rei
1183 3143 1319 3220 publicae
1340 3144 1494 3203 Romanae

160 3236 348 3323 etl'aparatio
373 3242 513 3303 ostendat
537 3252 566 3303 et
592 3244 673 3320 quod
698 3245 728 3302 in
751 3253 794 3303 tot
816 3245 1195 3322 decretismunicipalibus
1216 3245 1330 3303 nullum
1352 3255 1437 3303 extat
1457 3247 1494 3303 ab

151 3324 314 3407 'inuncti
335 3346 515 3424 magistratu
535 3345 693 3423 factum5).
737 3346 879 3418 Accedit,
902 3348 982 3424 quod
1004 3347 1041 3405 de
1063 3360 1188 3424 patrono
1211 3348 1338 3407 creando
1360 3366 1426 3406 cum
1448 3348 1494 3406 bis

140 3438 274 3509 'Ram
291 3449 322 3507 in
343 3448 428 3509 bisce
449 3448 572 3519 tabulis,
592 3449 687 3508 altero
708 3448 776 3507 loco
800 3448 845 3524 (3,
864 3449 914 3525 13)
938 3449 974 3509 de
996 3470 1032 3509 ee
1051 3471 1084 3508 re
1106 3451 1197 3509 refert
1211 3451 1288 3508 llvir
1310 3451 1422 3526 quique
1439 3468 1494 3526 pro

128 3536 314 3611 lotcsute
334 3560 391 3623 est,
410 3550 444 3611 id
457 3559 504 3611 est
516 3542 594 3609 lIvir
606 3551 825 3629 praefectusve,
848 3551 941 3611 altero
964 3552 1009 3628 (7,
1025 3552 1079 3629 39)
1101 3552 1181 3611 IIvir
1195 3553 1302 3611 aedilis
1316 3553 1494 3628 praefectus.

123 3682 373 3725 N.-

116 3882 171 3940 Ιῠ
249 3818 271 3883 1)
294 3822 394 3873 Ancon.
412 3820 442 3871 iu
459 3817 650 3885 memmii.
669 3822 713 3871 40.
731 3821 777 3871 42.
816 3820 907 3871 Cicero
927 3820 959 3870 de
979 3822 1021 3871 fin.
1040 3822 1153 3883 4,1,1.
1191 3821 1264 3872 Brut.
1282 3822 1402 3883 94,324.
1441 3821 1495 3870 Dio

173 3936 200 3963 ι
236 3912 273 3965 bi.

116 4068 120 4081 .
250 4000 272 4067 ²)
296 4006 328 4057 In
349 4004 551 4071 repetundarum
575 4004 682 4068 iudicio,
707 4005 777 4071 quod
799 4005 831 4055 de
849 4006 880 4056 L.
899 4005 994 4056 Flacco
1012 4006 1108 4056 iactum
1128 4013 1181 4068 est,
1207 4006 1375 4071 subscriptori
1392 4021 1495 4056 accusa·

116 4084 254 4147 ιῡιιιι
267 4112 311 4149 ex
328 4098 407 4149 nom
426 4098 470 4147 rex
488 4096 569 4148 erun
587 4096 654 4159 (aur.
669 4098 705 4161 a).

252 4186 273 4251 ⁸)
298 4190 391 4243 cicero
409 4204 458 4256 pro
475 4190 571 4240 Flacco
587 4190 631 4253 39,
645 4192 692 4243 99ι
718 4191 760 4239 cui
778 4205 821 4241 aex
839 4189 918 4240 horca
937 4191 1034 4241 ceruice
1054 4190 1094 4240 lea
1112 4189 1194 4252 dedit,
1216 4198 1332 4257 picentum
1352 4189 1449 4240 taudcm
1467 4206 1497 4240 ee

116 4254 198 4317 df*
240 4276 299 4333 loric
316 4280 468 4345 detruderet,
488 4282 514 4332 ai
532 4280 580 4333 tibi
595 4298 683 4333 morem
701 4298 788 4350 perere
807 4283 945 4333 coluisset?
982 4284 1126 4334 Postulavit
1145 4285 1222 4348 igitur
1241 4285 1341 4334 delator
1358 4285 1496 4334 Laeliusu

116 4358 340 4441 ”hampton
357 4374 491 4438 Deciano,
510 4382 540 4426 ut
561 4382 635 4441 parte
655 4377 774 4441 temporis
794 4376 842 4426 sibi
863 4376 972 4438 cederet,
993 4376 1063 4442 quod
1083 4391 1139 4426 cum
1160 4391 1211 4425 non
1231 4376 1366 4438 obtineret,
1387 4377 1419 4426 de
1439 4393 1495 4442 per-

119 4444 247 4513 fidia
258 4464 359 4519 Deciani
378 4474 483 4535 questrrs
501 4476 547 4519 est.

255 4554 275 4619 Ι)
296 4559 520 4627 Aliarquardtio
538 4557 700 4611 Staatseenc.
721 4563 746 4623 1,
765 4561 818 4611 491
845 4561 953 4626 aliisque
977 4562 1021 4627 qui
1047 4561 1153 4611 affertur
1178 4562 1249 4611 locus
1269 4562 1408 4626 Papiniani
1434 4563 1495 4627 Dig.

140 4628 315 4715 4321t1,
333 4654 357 4703 is
374 4654 410 4703 ad
428 4660 573 4704 curatorem
591 4654 722 4720 municipii
741 4656 864 4720 pertinet,
885 4669 938 4704 non
957 4655 991 4704 ad
1010 4654 1132 4715 aedilem
1154 4669 1215 4704 nem
1234 4655 1324 4703 aedilis
1344 4642 1497 4721 iyepevipoe

152 4736 237 4795 *ιζ
254 4756 295 4795 uon
315 4732 462 4813 ἆστυνὸμος.
498 4746 555 4797 Nec
579 4747 660 4811 magis
680 4746 730 4796 huc
754 4748 881 4813 pertinent
900 4748 967 4796 tituli
986 4747 1022 4796 ibi
1041 4747 1112 4797 citati
1132 4746 1277 4798 Orellianus
1291 4748 1363 4797 3973
1383 4755 1408 4796 et
1426 4749 1448 4797 1.
1461 4747 1495 4797 N.

164 4818 268 4895 “⁸13
288 4852 344 4889 uam
372 4854 432 4889 eum
457 4837 555 4889 aediles
579 4838 607 4889 in
630 4839 676 4888 illo
697 4840 725 4889 in
747 4841 816 4888 viem
842 4847 938 4889 certam
961 4854 1087 4889 summam
1113 4840 1215 4889 dedisse
1238 4840 1368 4901 dicantur,
1397 4840 1423 4889 in
1447 4840 1497 4889 boc

174 4910 257 4971 '⁸¹¹¹
272 4926 384 4997 heuque
407 4930 512 4993 fecitte,
536 4930 573 4980 ibi
598 4930 690 4981 diserte
715 4931 819 4982 additur
838 4933 865 4981 id
885 4947 929 4980 eos
947 4931 1039 4982 fecisse
1059 4930 1089 4981 ob
1108 4930 1237 4993 herrorem,
1263 4933 1305 4982 hic
1323 4948 1385 4982 vero
1403 4933 1496 4997 probu-

182 4996 270 5065 ΨΜ
284 5020 348 5073 uem
371 5022 537 5089 intellegitur.
574 5024 614 5073 At
636 5038 699 5088 quae
723 5023 756 5072 ob
780 5024 905 5074 bonorem
931 5025 1010 5087 fiunt,
1036 5041 1088 5075 non
1112 5026 1177 5075 fiunt
1200 5041 1247 5090 pro
1271 5032 1405 5090 potestate.
1441 5025 1497 5076 Neo

195 5102 268 5166 ¹¹01
279 5114 347 5165 ruer
364 5122 426 5167 runt
443 5114 512 5165 uun
530 5116 627 5166 simne
645 5116 695 5179 aur,
715 5124 743 5165 ut
762 5118 840 5167 νοω
858 5132 884 5166 n.
899 5116 961 5166 eor.
978 5118 1058 5168 1490.

264 5194 283 5261 'l
303 5206 368 5259 Vide
386 5222 481 5261 comm.
500 5222 587 5259 meum
606 5208 641 5259 ad
658 5210 725 5275 leges
743 5208 846 5261 Flavias
864 5226 891 5275 p.
911 5211 973 5261 444.
