3458 6292
443 527 788 578 cessissemusne
805 526 1082 576 recreassemus
1102 527 1203 577 rans.
1415 508 1485 577 181

157 699 216 760 63.
260 698 424 778 signaculo
450 702 600 779 impressa
621 701 702 760 dolio
724 701 808 759 fictili
829 700 937 758 litteris
959 701 1156 759 eminentibus
1182 702 1263 760 etin
1284 700 1410 758 sormam
1433 702 1488 759 cir·

199 803 258 862 culi
280 803 396 863 dimidii
418 804 589 880 dispositis:

467 987 549 1078 step
565 1031 574 1050 .
589 975 649 1051 kal
876 994 1048 1073 Stephanus
1072 994 1213 1056 Oaisius?

1069 1097 1233 1159 Caiciliusi

114 1292 122 1317 Ι,
243 1236 324 1296 Dedi
350 1237 388 1296 ad
415 1245 553 1315 ectypum
580 1255 600 1295 a
625 1237 661 1296 R.
686 1236 820 1298 Schocne
846 1245 1014 1314 acceptum3
1043 1237 1187 1309 Fabrctti,
1214 1235 1246 1295 0.
1263 1238 1289 1295 Ι.
1308 1237 1377 1294 Ital.
1400 1236 1486 1295 2819.

157 1338 267 1399 Trium
289 1340 453 1418 primarum
476 1340 643 1399 litterarum
664 1341 777 1399 incerta
792 1346 906 1398 tantum
922 1340 1050 1415 vestigia
1071 1358 1218 1415 expressa
1239 1348 1308 1398 sunt
1323 1341 1354 1397 in
1369 1348 1487 1414 ectypo,

81 1458 84 1462 ’
159 1441 215 1501 scd
241 1441 402 1500 adiuvante
429 1441 562 1501 ciusdem
583 1442 640 1501 viri
666 1442 747 1502 docti
773 1442 947 1520 apographo
973 1441 1047 1499 mihi
1068 1443 1162 1500 misso
1185 1442 1327 1519 cognosci
1351 1451 1487 1518 possunt.

156 1542 241 1603 Nota
270 1543 474 1622 praenominis
501 1544 584 1622 figuli
612 1543 689 1620 Step.
718 1544 846 1604 fortasse
873 1543 1029 1620 Step(aus)
1058 1544 1227 1621 supplenda
1257 1552 1317 1611 est,
1350 1543 1487 1602 videlicet

159 1644 244 1705 Osca
269 1646 367 1705 forma
389 1643 498 1706 Graeci
525 1646 654 1705 nominis
683 1637 881 1720 Στέφανος,
907 1665 973 1704 cum
995 1645 1152 1721 Stephanio
1179 1646 1296 1723 legatur
1325 1647 1355 1703 in
1377 1643 1487 1703 Latino

84 1774 94 1789 =
159 1747 248 1807 titulo
268 1747 457 1825 Pompeiano
479 1745 529 1824 (0.
546 1750 572 1806 Ι.
587 1747 657 1807 Lat.
676 1748 735 1820 IV,
758 1749 855 1823 1111).
898 1746 982 1807 Nota
1007 1731 1136 1807 nominis
1157 1747 1227 1806 Καί.
1250 1767 1355 1827 parum
1382 1747 1487 1824 liquet,

158 1850 311 1927 quomodo
333 1850 500 1927 supplenda
521 1851 570 1921 sit,
592 1870 659 1909 cum
674 1859 704 1908 et
722 1848 841 1910 Caesius
857 1859 885 1908 et
901 1851 1040 1910 Caecilius
1061 1850 1202 1926 frequens
1225 1852 1266 1910 sit
1286 1870 1395 1909 nomen
1417 1870 1488 1928 gen·

158 1952 213 2011 tile
235 1951 488 2030 Pompeianorum
511 1953 546 2029 (l.
560 1971 585 2011 c.
600 1953 658 2024 IV,
676 1972 708 2030 p.
728 1952 801 2025 229,
823 1970 847 2010 c.
863 1951 906 2027 3).

587 2483 774 2545 NVOERIA
796 2482 1066 2544 ALFATERNA.

162 2675 221 2735 64.
265 2672 415 2733 Nummus
438 2690 548 2732 aeneus
569 2673 665 2731 musei
677 2670 843 2730 Britannici
863 2690 929 2742 cunr
951 2673 1048 2749 capite
1069 2671 1193 2730 iuvenili
1216 2678 1245 2729 ct
1267 2669 1402 2730 Castoris
1425 2673 1489 2730 effi·

202 2779 251 2854 gie
272 2777 364 2836 habet
384 2775 622 2852 inscriptionem:

470 2909 705 2985 nuvkirinum
960 2929 1178 2989 Nucerinorum

470 3032 738 3151 alai[ate]rnum
960 3052 1197 3110 Alfaternorum.

216 3200 219 3211 ’
251 3211 343 3272 curui.
366 3215 401 3286 os
418 3211 462 3269 tire
484 3209 576 3270 Greek
597 3215 675 3269 coins
696 3214 727 3267 iu
748 3209 792 3268 tie
813 3208 924 3266 Britiait
939 3206 1018 3266 Mus.
1034 3208 1122 3283 Italy.
1155 3207 1357 3281 Lunu1s73,
1375 3230 1407 3285 p.
1424 3210 1490 3280 121,

162 3334 191 3372 rr.
208 3315 233 3372 1.
277 3313 336 3372 Hic
356 3330 494 3372 nummus
523 3313 611 3390 primi
640 3293 846 3371 tantummodo
875 3310 1003 3368 nominis
1026 3311 1187 3387 scriptione
1209 3311 1309 3369 differt
1330 3329 1348 3369 a
1369 3332 1490 3370 nummo

164 3435 257 3475 aeneo
279 3433 368 3492 quem
384 3415 408 3474 I.
424 3414 639 3475 Friedlaender
660 3413 825 3490 publicavit
846 3431 914 3470 cum
936 3412 1130 3489 inscriptione
1144 3413 1326 3471 Nuukriuum
1342 3414 1491 3488 Aiofuter-

163 3538 231 3576 num
259 3518 336 3593 (Dic
360 3518 516 3577 Orkiscberr
538 3517 673 3585 Mdnrerr,
696 3525 715 3573 t.
732 3516 790 3584 JV,
811 3515 890 3573 Nuc.
908 3516 937 3585 1,
957 3533 988 3589 p.
1012 3513 1090 3588 217).
1135 3512 1269 3573 Genitivi
1296 3515 1372 3593 plur.
1396 3516 1493 3575 forma

164 3620 387 3679 Nauloi-riuum
409 3619 569 3677 secundum
591 3619 672 3694 leges
694 3618 814 3695 linguae
829 3616 910 3675 Osca
932 3619 1109 3692 interposita
1125 3617 1222 3674 vocali
1242 3621 1254 3674 i
1275 3621 1352 3675 inter
1374 3637 1491 3694 praece-

165 3722 268 3781 dentes
289 3731 489 3781 consonantes
511 3729 577 3779 orta
598 3727 645 3778 est
665 3739 681 3775 e
703 3719 883 3777 Nuolcrinura
905 3728 937 3776 ut
958 3717 1108 3776 Luc-i-ltia
1131 3739 1146 3774 e
1169 3718 1280 3777 Luvlcia
1303 3719 1349 3792 (C.
1367 3722 1491 3796 Ausapr.

164 3825 209 3896 ΙΙ,
225 3825 296 3882 387.
314 3824 376 3883 388
391 3843 444 3900 ες,
467 3825 510 3880 sd.
528 3822 572 3896 2).
614 3819 674 3881 Sed
695 3840 789 3897 nuper
810 3826 839 3879 in
861 3821 955 3880 lucem
979 3819 1154 3897 prodierunt
1175 3825 1287 3879 nummi
1308 3819 1454 3880 Nucerini
1476 3844 1492 3879 e

164 3931 284 3986 scriniis
311 3927 407 3984 musei
432 3925 599 3983 Britannici
625 3942 692 3981 cum
718 3922 976 4000 inscriptionibus:
1007 3922 1170 3980 Nuuiricum
1192 3922 1351 3998 Alaefrrum
1378 3925 1491 3997 (Catul.

164 4030 243 4088 Brit.
265 4029 343 4086 Mus.
367 4029 386 4085 l.
403 4048 426 4086 c.
446 4047 478 4104 p.
494 4026 565 4099 121,
586 4047 614 4084 a.
630 4024 666 4100 2)
695 4038 723 4083 et
744 4025 904 4083 Nueirltum
927 4024 1127 4100 Alastcnfflm]
1153 4024 1190 4100 (l.
1210 4046 1234 4084 c.
1253 4045 1285 4102 p.
1302 4027 1371 4098 121,
1394 4028 1491 4102 u.1)‚

164 4150 242 4209 quas
264 4130 357 4189 foedis
379 4133 609 4187 monetariorum
631 4127 781 4185 erroribus
797 4127 905 4199 deberi,
928 4137 957 4183 et
973 4130 1027 4183 viri
1050 4131 1091 4183 rei
1113 4131 1296 4186 nummariae
1317 4133 1492 4205 peritissimi

164 4239 254 4294 certis
276 4233 375 4291 verbis
397 4230 556 4299 affirmant,
579 4247 673 4306 neque
695 4233 855 4306 quisquam
876 4228 996 4306 linguae
1019 4226 1117 4287 Oscae
1139 4247 1251 4305 gnarus
1275 4230 1429 4289 dubitabit.

166 4552 221 4613 65.
265 4550 415 4610 Nummus
437 4566 546 4607 aeneus
567 4551 661 4606 musei
685 4546 861 4618 Britannici,

207 4709 236 4750 a.
271 4694 356 4748 iuxta
377 4698 467 4764 caput
486 4686 629 4744 iuvenile:

320 4834 530 4909 nuv[krinum
557 4833 793 4909 ulutar]ernum
883 4839 1102 4900 Nucerinorum
1125 4841 1358 4900 Alfaternorum.

207 4935 233 4991 b.
270 4933 326 4992 sub
349 4928 527 4989 Castoribus
549 4926 750 5003 equitantibus
772 4929 803 4982 in
825 4936 991 5000 segmento:

690 5058 893 5160 de]gvinum
920 5087 963 5133 ra

798 5243 806 5259 .
824 5238 831 5254 .
847 5208 969 5256 anum.
