3458 6292
281 473 356 543 254
580 491 887 542 ousnnvarmsus
914 492 1192 543 rzrrouanmenn
1211 494 1302 542 nvn.

363 670 397 738 5.
435 663 714 739 Rhoemetalces
737 695 862 761 patruus
885 687 1089 762 praecedentis
1104 687 1146 761 ¹),
1174 687 1253 744 filius
1275 688 1368 765 igitur
1389 687 1464 744 alter
1486 686 1618 747 Sadalae

283 798 312 849 ct
333 788 580 861 Polemocratiae,
604 809 671 846 curn
693 789 793 846 fratris
815 789 888 860 filio,
916 789 1000 846 cuias
1024 798 1112 847 antea
1134 790 1256 847 tutelam
1280 809 1347 848 curn
1370 792 1504 866 gessisse
1526 792 1619 850 modo

280 892 426 965 vidimus,
459 911 485 949 a.
509 892 567 949 743
597 892 803 962 successisset,
826 911 852 949 a.
877 890 936 950 759
961 917 998 940 =
1024 911 1054 967 p.
1078 889 1148 949 Chr.
1173 891 1190 949 6
1219 893 1362 969 auspiciis
1391 893 1505 951 Tiberii
1536 895 1618 952 bello

241 1078 244 1082 ι
281 995 456 1064 Pannonico
471 994 590 1073 egregie
605 993 797 1071 pugnavit2).
832 993 916 1053 Obiit
930 995 1095 1070 imperante
1110 997 1249 1072 Augusto
1270 1006 1338 1054 ante
1353 1014 1380 1055 a.
1396 1018 1425 1074 p.
1439 993 1509 1056 Chr.
1526 996 1562 1055 12
1575 997 1618 1071 ³).

367 1200 400 1270 6.
437 1195 553 1297 Cotys
575 1218 807 1282 Rhoemetalces
829 1218 908 1277 filius
929 1226 999 1294 post
1019 1220 1115 1296 patris
1137 1227 1263 1278 mortem
1286 1219 1438 1278 meliorem
1461 1228 1491 1278 et
1512 1220 1620 1279 cultio·

280 1341 343 1381 rem
373 1321 457 1398 regni
486 1322 550 1378 cius
578 1329 693 1397 partem
723 1321 852 1380 obtinuit
884 1320 966 1396 (adn.
997 1321 1042 1396 3),
1077 1321 1217 1380 laudatus
1246 1320 1354 1380 Tacito
1384 1323 1422 1380 ob
1449 1317 1619 1400 ‘ingenium

282 1425 354 1484 mite
376 1433 407 1483 et
428 1419 608 1497 amoenum’,
633 1421 786 1498 Ovidio⁴)
808 1425 846 1482 ob
869 1423 968 1482 studia
989 1425 1102 1500 poesis.
1146 1423 1251 1481 Patrui
1274 1424 1511 1502 Rhescuporidis
1533 1437 1621 1504 parte

281 1527 377 1604 regui,
400 1527 488 1603 quam
511 1527 538 1584 ei
560 1529 717 1602 Augustus
741 1527 924 1602 adsignarat,
948 1544 1008 1584 non
1030 1527 1162 1585 contenti
1184 1525 1301 1584 insidiis
1323 1528 1412 1602 periit
1432 1528 1511 1586 inter
1533 1548 1558 1587 a.
1580 1531 1618 1588 14

284 1638 314 1688 et
338 1630 374 1688 19
397 1651 426 1707 p.
444 1627 565 1705 Chul).
611 1627 708 1704 Cotyn
736 1647 860 1687 uxorem
888 1629 1014 1687 duxisse
1042 1628 1135 1686 filiam
1161 1627 1335 1687 Polemonis
1361 1630 1440 1705 regis
1468 1631 1558 1690 Ponti
1589 1641 1619 1691 et

283 1731 498 1810 Pythodoridis
521 1732 619 1807 neptis
642 1750 681 1789 ex
702 1731 765 1789 filia
787 1731 826 1789 M.
845 1731 971 1789 Antonii
993 1729 1099 1788 Illviri
1122 1739 1209 1788 antea
1231 1733 1528 1809 compereramus⁶);
1559 1736 1621 1793 iam
1723 1795 1725 1798 ,

284 1854 354 1895 vero
370 1836 490 1893 decreta
512 1835 570 1893 duo
586 1832 802 1909 Cyzicenorum
826 1833 921 1892 cidem
944 1832 1065 1891 tabulae
1086 1833 1180 1890 incisa
1202 1841 1233 1891 et
1253 1834 1376 1892 uomina
1398 1836 1461 1894 eius
1483 1839 1621 1897 mulieris

284 1956 341 1997 nos
357 1938 521 1996 docuerunt
543 1947 572 1994 et
587 1937 647 1993 alia
662 1937 816 2012 complura
831 1937 909 1994 scitu
925 1953 998 1994 sane
1013 1935 1111 2010 digna.
1147 1932 1268 1994 Scilicet
1289 1936 1503 2012 appellatorio
1518 1940 1621 2016 priore

282 2037 420 2100 Ἀντωνία
435 2030 587 2123 Τρύφαινα
606 2029 755 2104 βασιλέως
770 2026 933 2104 Πολέμωνος
952 2027 1000 2094 καὶ
1014 2028 1194 2108 fiae-thiasos
1209 2031 1416 2122 Πνθοδώροδος
1431 2031 1622 2121 Φιλομήτορος

287 2252 491 2264 -.—-—--

365 2394 389 2456 ¹)
414 2394 532 2445 Fratrem
553 2392 683 2442 crederem
703 2397 765 2441 natu
785 2390 910 2440 minorem
931 2391 1045 2455 proximi
1065 2391 1133 2454 regis
1145 2390 1356 2455 Rhescuporidis,
1377 2408 1435 2441 cnm
1454 2395 1541 2458 plnres
1559 2395 1625 2446 libc-

285 2504 329 2540 ros
349 2494 448 2538 constet
467 2485 552 2550 Cotyn
571 2485 712 2550 reliquisse,
740 2484 789 2532 nisi
809 2483 930 2544 obstaret,
961 2484 1029 2548 qnod
1050 2482 1249 2534 Rhoemetalces
1269 2485 1391 2534 successit
1408 2485 1488 2535 frater
1507 2486 1624 2540 Rhescu-

285 2581 364 2649 poris,
384 2595 432 2630 nec
451 2580 516 2629 duos
535 2579 650 2628 eiusdem
669 2576 782 2627 nominis
802 2576 895 2626 iratres
914 2576 1110 2628 Rhoemetalces
1129 2575 1250 2626 habuisse
1264 2584 1362 2640 potest.

364 2689 391 2790 ’i
415 2727 511 2778 Vellei.
525 2728 550 2788 2,
566 2727 628 2776 112.
666 2725 719 2775 Dio
740 2725 783 2786 55,
805 2725 849 2775 30.
887 2723 963 2775 Ovid.
978 2739 1010 2772 ex
1028 2722 1114 2773 Ponto
1135 2725 1159 2784 2,
1174 2724 1199 2785 9,
1214 2724 1258 2774 45.
1274 2725 1317 2775 59.
1354 2725 1460 2775 Nummi
1480 2728 1534 2778 eins
1554 2732 1624 2796 regis

287 2829 378 2872 extant
397 2835 450 2871 uon
469 2819 553 2885 pauci,
576 2818 700 2869 habentes
720 2818 753 2867 ab
773 2831 824 2866 una
843 2824 915 2881 parte
930 2823 1005 2879 caput
1018 2816 1130 2880 Augusti
1149 2816 1278 2880 adscripto
1291 2819 1405 2879 nornine,
1426 2819 1546 2871 adiuncto
1567 2824 1624 2888 ple-

288 2929 396 2980 rumque
415 2915 499 2979 capite
518 2912 621 2972 Liviae,
645 2912 676 2960 ab
696 2911 778 2960 altera
797 2917 873 2973 caput
892 2908 959 2972 regis
979 2907 1108 2973 adscripto
1128 2908 1189 2957 item
1209 2910 1334 2960 vocabulo
1354 2912 1531 2979 adiunctisqne
1551 2918 1624 2982 capi·

288 3007 356 3056 tibus
377 3022 433 3056 cunr
453 3005 543 3055 nxods
563 3012 616 3053 turn
635 3004 682 3053 filii
703 3003 810 3052 infantis
817 3000 936 3065 „Cotyis
957 3000 1075 3049 videlicet
1095 3000 1203 3060 (Eckhel
1223 3003 1249 3063 2,
1271 3002 1324 3064 58).
1362 3005 1394 3054 In
1415 3005 1489 3054 titulo
1510 3009 1624 3074 Amphi.

288 3100 405 3166 politano
425 3098 454 3149 C.
471 3098 494 3147 Ι.
508 3096 554 3148 Gr.
570 3097 641 3146 2009
662 3097 704 3161 qul
724 3096 872 3145 nominatur
890 3076 1044 3160 Φιλᾶτονμος
1063 3088 1193 3154 βασιλέως
1210 3083 1383 3162 Ῥοομητοῖλκα
1404 3092 1494 3154 δοῦλος
1513 3107 1538 3148 et
1558 3117 1626 3165 quae

289 3192 393 3241 titulum
412 3190 539 3240 urbanum
559 3188 640 3239 Orell.
662 3188 713 3237 631
734 3187 820 3251 posuit
838 3183 909 3234 Iulio
932 3182 1061 3250 Tyndaris
1083 3182 1110 3234 C.
1125 3182 1179 3234 Iali
1194 3187 1265 3252 repis
1283 3185 1487 3240 Rhoemetalcaes
1505 3190 1623 3255 lebera)

291 3291 335 3334 aut
355 3283 389 3333 ad
406 3282 483 3332 huius
501 3281 627 3330 familiam
646 3279 823 3345 pertinuerunt
842 3277 937 3327 autad
956 3277 1082 3326 familiam
1101 3280 1262 3342 cognominis
1274 3280 1363 3330 fratris
1375 3282 1423 3331 filii
1442 3282 1521 3344 (infra
1540 3301 1566 3334 n.
1582 3288 1625 3349 8);

290 3390 351 3426 nam
371 3375 415 3439 qni
434 3374 480 3423 sub
493 3373 542 3423 Pio
562 3374 589 3421 in
602 3373 720 3437 Bosporo
740 3371 857 3435 regnavit
870 3369 1064 3420 Rhoemetalces
1073 3385 1119 3420 rex
1134 3371 1176 3421 Ti.
1191 3373 1272 3422 Iulius
1290 3373 1339 3421 fuit
1359 3373 1398 3434 (C.
1413 3375 1435 3424 Ι.
1447 3376 1492 3426 Gr.
1506 3379 1577 3428 2108
1579 3379 1624 3443 y).

368 3498 393 3563 8)
418 3497 523 3551 Tacitus
542 3515 602 3550 ann.
618 3502 643 3560 2,
658 3501 706 3549 64:
727 3514 818 3547 omnem
832 3513 886 3547 eam
902 3498 1024 3546 nationem
1044 3497 1210 3560 (Thraecam)
1224 3496 1409 3551 Rhoemetalces
1428 3508 1554 3564 tenuerat,·
1575 3523 1624 3572 qao

292 3593 408 3659 defitncto
422 3593 552 3659 Auyustns
568 3598 667 3659 partem
685 3589 822 3641 Thraecum
840 3588 1032 3656 Rhescuporidi
1040 3589 1128 3654 fratri
1145 3591 1205 3650 eius,
1223 3599 1321 3657 partem
1335 3592 1394 3658 filio
1413 3591 1486 3659 Cotyi
1500 3599 1627 3662 yrermrsit.

293 3687 359 3738 Cum
377 3687 437 3735 libri
457 3685 563 3735 secundi
583 3685 748 3749 epistularum
769 3699 800 3732 ex
815 3683 900 3734 Ponto
920 3698 1016 3732 nonam
1033 3683 1142 3733 Ovidius
1161 3684 1271 3747 scripsit,
1291 3683 1487 3737 Rhoemetalces
1507 3699 1624 3741 mortuus

291 3779 353 3840 fnit3
374 3778 477 3842 scripsit
495 3785 579 3827 autem
600 3793 656 3826 eam
676 3791 699 3825 a.
719 3776 772 3825 fere
788 3776 839 3825 765
860 3776 965 3824 biennio
985 3783 1043 3824 ante
1064 3775 1162 3825 obitum
1176 3777 1295 3840 Augusti.

369 3904 394 3967 4)
418 3907 460 3955 Ex
480 3905 565 3955 Ponto
586 3907 610 3965 2,
631 3905 660 3953 9:
690 3901 763 3968 Cotyi
780 3903 844 3968 repi.
881 3903 922 3952 Ibl
941 3904 978 3951 ait
997 3919 1020 3951 v.
1035 3903 1082 3952 49:
1108 3917 1152 3952 aee
1172 3918 1258 3968 repam
1278 3906 1408 3971 qaisquam
1426 3910 1507 3973 maqis
1525 3918 1563 3959 est
1586 3912 1625 3959 iu·

292 4005 401 4049 statetas
425 3995 457 4047 ab
481 3996 536 4047 itta
559 3995 675 4057 (artibus)
698 3994 799 4045 mitibus
823 4002 866 4044 aut
890 3993 981 4043 studies
1005 4002 1116 4061 tempora
1141 3994 1222 4060 plara
1245 3995 1329 4046 dedit.-
1354 4000 1468 4049 carmioa
1492 4008 1624 4065 testantur,

294 4108 364 4158 quae,
391 4092 415 4140 si
433 4097 476 4138 tua
494 4090 595 4140 nornine
613 4087 705 4149 demas,
732 4086 871 4136 Threiciam
889 4088 998 4136 iuuenem
1017 4086 1183 4153 canipasuisse
1203 4104 1293 4154 nepem.
1332 4092 1465 4155 Antipatri
1485 4094 1627 4145 Thessalo-

293 4184 405 4234 nicensis
424 4183 538 4247 aequalis
557 4183 638 4245 ipsius
658 4182 683 4230 in
703 4196 761 4230 eum
781 4181 939 4244 epigramma
957 4180 1050 4243 legitur
1063 4180 1090 4228 in
1107 4179 1255 4245 anthologia
1268 4181 1402 4234 Planndea
1422 4187 1448 4246 4,
1463 4187 1497 4236 75
1518 4186 1554 4248 (2,
1571 4191 1627 4239 646

295 4274 399 4336 Iacabs)
418 4274 481 4325 hoc:
1520 4278 1525 4288 '

604 4363 666 4428 Ζηνὶ
685 4357 727 4413 καὶ
743 4352 889 4413 'hacilinus
909 4361 949 4412 καὶ
966 4353 1051 4430 'Apte
1072 4360 1155 4413 τέκνον
1174 4351 1290 4428 duamur,

703 4452 799 4506 εἴκελον
820 4451 919 4527 ονκταίῃ
940 4453 1045 4524 antipae
1064 4449 1160 4528 οὕτοκῖῃ

602 4538 682 4599 ποῖντοι
700 4566 740 4598 τοι
760 4547 784 4597 ἐκ
804 4546 917 4613 Μοιρέων
936 4537 1072 4612 βασιλήιοι,
1093 4539 1170 4598 πάντα
1189 4545 1277 4599 τέλειον

705 4630 801 4705 ἦλθον·
816 4631 935 4705 incidens
955 4635 981 4688 δ’
995 4637 1064 4707 ἔργον
1083 4629 1250 4691 doctoratus.

605 4722 669 4794 zei<
688 4733 810 4800 σκῆπτρον
829 4726 973 4796 βασίλειον,
990 4722 1073 4801 ‘Aper
1094 4723 1161 4800 δὸρν,
1182 4723 1340 4798 collectivae
1360 4733 1387 4784 δῦ

706 4826 804 4890 Φοῖβος
823 4822 895 4898 ἔχει·
915 4813 981 4894 nopai
1001 4820 1044 4875 ael
1064 4820 1091 4875 δ’
1104 4815 1190 4895 οἶθρᾶο
1207 4815 1294 4891 adesa,
1315 4817 1392 4878 Kobe.
1487 4807 1494 4824 x

375 4962 400 5026 ⁸)
422 4965 538 5016 Narrant
560 4981 614 5015 rem
639 4966 745 5016 Tacitus
766 4967 795 5027 2,
817 4966 936 5015 64-67
962 4971 988 5014 et
1007 4965 1120 5015 Velleius
1141 4967 1172 5026 2,
1195 4966 1262 5027 1295
1286 4967 1320 5017 el.
1340 4967 1447 5020 Sueten.
1468 4970 1527 5020 Tib.
1548 4972 1582 5021 37
1605 4980 1634 5022 et

300 5057 384 5111 Strab.
405 5058 421 5106 1.
443 5074 465 5107 c.

376 5184 401 5249 6)
427 5186 512 5240 strab.
528 5189 570 5249 ιο,
587 5189 611 5249 a,
626 5189 659 5238 aa
679 5203 705 5253 p.
720 5188 782 5239 aas.
