3458 6292
278 479 299 548 2
871 500 1009 550 namen
1474 514 1491 559 ι

277 671 478 731 collectionem
508 673 670 730 confectam
698 690 766 730 esse
793 682 945 749 appareat.
989 672 1113 730 Praeter
1135 670 1295 748 Cyriacum
1322 681 1421 730 autem
1449 691 1535 730 nemo
1557 683 1605 731 est

278 773 328 848 qui
350 773 411 831 XV
426 773 473 831 vel
488 774 564 832 XVI
580 775 699 833 saeculo
721 807 762 818 -
783 775 840 832 hoc
862 775 940 832 enim
958 780 1090 850 tempore
1106 775 1236 850 scriptus
1250 783 1297 832 est
1311 774 1375 832 cod.
1391 774 1548 833 Palatinus
1563 807 1604 817 —

275 873 406 933 Lesbum
428 876 556 933 insulam
580 877 764 952 antiquitatis
787 884 978 934 monumenta
1000 875 1157 950 colligendi
1180 895 1274 934 causa
1295 875 1410 934 adierit.
1448 877 1605 934 Lemmata

277 977 389 1034 codicis
412 995 561 1053 nunquam
583 978 703 1054 quidem
725 978 839 1037 eisdem
862 977 972 1048 verbis,
1000 976 1107 1054 quibus
1128 976 1265 1036 Pariana
1286 986 1430 1055 concepta
1451 987 1531 1050 sunt,
1552 978 1605 1036 sed

276 1079 306 1135 in
333 1078 408 1154 ipsis
434 1081 523 1138 rebus
549 1081 668 1156 egregie
690 1089 871 1156 congruunt,
899 1079 936 1137 cf.
960 1079 997 1137 ad
1019 1098 1047 1136 n.
1064 1080 1153 1138 XXI.
1174 1079 1280 1138 XXII.
1301 1079 1339 1137 V.
1362 1079 1462 1138 XXV.
1486 1080 1603 1139 XXVI.

276 1180 385 1238 Paullo
413 1181 500 1239 aliter
528 1181 622 1240 codex
642 1181 860 1240 Valliccllanus
890 1190 1078 1258 comparatus
1107 1192 1162 1240 est.
1211 1182 1337 1240 Praeter
1366 1182 1496 1240 Asianas
1524 1184 1603 1240 enim

276 1282 417 1358 quinque,
439 1283 469 1340 in
494 1284 602 1359 quibus
617 1282 782 1342 Lesbiacae
805 1292 953 1360 quattuor,
968 1285 1123 1343 Romanae
1145 1285 1356 1360 inscriptiones
1379 1284 1465 1354 duae,
1481 1283 1603 1342 Ostien-

275 1401 323 1442 ses
345 1384 490 1444 Reatinae
505 1384 699 1444 Florentinae
721 1387 868 1464 singulae,
890 1387 968 1445 aliae
989 1405 1103 1463 paucae
1125 1386 1193 1443 loco
1214 1385 1297 1444 nullo
1318 1385 1449 1444 indicato
1471 1386 1513 1444 ibi
1536 1404 1604 1463 pro-

275 1494 365 1559 stant,
388 1487 491 1549 latinis
513 1489 629 1564 graecis
652 1489 763 1547 mixtis.
809 1486 972 1547 Videamus
994 1472 1209 1547 Lesbiacorum
1231 1488 1381 1547 lemmata.

341 1590 366 1646 l.
400 1589 491 1648 huius
514 1590 584 1666 syll.
606 1609 634 1647 n.
649 1589 705 1648 IV:
732 1592 762 1649 in
789 1591 928 1649 columna
948 1608 1115 1649 marmorea
1135 1589 1267 1649 Neronis
1289 1591 1483 1668 epigramma.
1528 1588 1603 1648 coe.

400 1691 495 1748 Vall.:
519 1692 557 1750 ad
579 1711 774 1751 marmoream
797 1693 963 1752 columnam
984 1693 1016 1751 in
1031 1691 1181 1751 Neronem
1198 1690 1360 1751 Caesarem
1383 1693 1575 1770 epigramma

340 1793 368 1850 2.
400 1795 429 1851 h.
453 1793 522 1873 syll.
542 1813 571 1852 n.
587 1794 679 1853 XIII:
701 1795 732 1852 in
755 1794 816 1852 alia
836 1794 940 1870 (basi).
974 1792 1159 1854 Cod.Vall.:
1183 1794 1222 1852 ad
1244 1813 1441 1853 marmoream
1462 1795 1551 1852 basin
1571 1794 1604 1852 in

400 1894 564 1953 Traianum
587 1894 757 1956 Caesarem.

340 1998 367 2055 3.
400 1998 430 2055 h.
447 1997 514 2074 syll.
538 2017 566 2055 n.
582 1997 736 2056 XXVIII:
759 1998 873 2058 Ibidem
897 1998 929 2075 (i.
946 2019 971 2058 e.
994 1999 1025 2057 in
1039 1999 1154 2057 balneis
1168 1999 1287 2075 Lesbi).'
1319 1997 1394 2058 Cod.
1408 1998 1501 2057 Vall.:
1525 1999 1604 2075 apud

399 2098 522 2159 Lesbon
543 2101 574 2158 in
597 2100 724 2176 quadam
747 2101 822 2160 baal.

339 2202 367 2258 4.
401 2201 438 2260 h.··
454 2202 523 2278 syll.
546 2221 574 2260 n.
591 2203 669 2260 XII:
692 2204 723 2261 in
745 2203 805 2262 alia
825 2204 891 2262 basi
914 2202 1110 2279 (praecedunt
1131 2203 1311 2279 Mytilinea).
1355 2201 1430 2272 Call.
1446 2202 1542 2262 Valle
1565 2202 1602 2261 ad

400 2322 597 2362 marmoream
619 2306 705 2363 basia
728 2305 808 2382 apud
829 2305 1003 2382 Mytilenen.

276 2404 458 2466 Consideres
480 2407 585 2477 velim,
611 2407 643 2465 in
664 2407 801 2466 Pariana
827 2407 1001 2485 apographo
1029 2407 1149 2465 minime
1175 2409 1294 2484 integra
1318 2408 1432 2466 serrari
1454 2407 1603 2480 lemmata,

275 2509 366 2567 immo
394 2509 482 2567 valde
508 2509 686 2571 inbrevius
716 2518 850 2567 coartata
877 2518 967 2585 atque
995 2528 1034 2568 ex
1061 2511 1198 2586 proxime
1228 2510 1372 2585 cuiusque
1401 2510 1603 2569 antecedentis

274 2621 382 2670 natura
403 2610 601 2669 conformata:
624 2611 779 2682 concedes,
802 2629 861 2669 non
883 2629 955 2670 casu
976 2612 1089 2670 lactnm
1110 2630 1186 2683 esse,
1207 2621 1240 2670 ut
1260 2631 1298 2670 ne
1313 2611 1489 2687 sicquidem
1506 2612 1604 2670 omnis

276 2713 445 2771 lemmatum
468 2712 632 2770 similitudo
654 2713 777 2786 periret3
801 2713 838 2770 ef.
860 2713 890 2770 in
912 2713 1017 2789 primIs
1040 2713 1078 2770 ad
1099 2733 1129 2770 n.
1146 2712 1199 2771 IV.

357 2814 463 2873 Lectio
475 2814 675 2872 Vallicellana
695 2813 847 2871 rarissime
869 2834 888 2872 a
901 2815 1037 2873 Pariano
1055 2814 1218 2892 discrepat;
1241 2816 1430 2891 nequeenim
1446 2834 1516 2874 curo
1531 2816 1603 2874 levi-

276 2918 381 2975 densia
404 2916 460 2973 illa
486 2915 607 2987 menda,
635 2934 711 2992 quae
737 2934 792 2990 pro
819 2934 852 2975 se
878 2917 1005 2992 quisque
1030 2935 1123 2994 prava
1149 2916 1288 2993 loquendi
1316 2918 1529 2977 consuetudine
1550 2918 1604 2976 im·

276 3020 368 3077 butus
389 3018 500 3077 inferre
522 3018 647 3087 solebat,
670 3027 703 3075 ut
724 3037 778 3094 pro
800 3043 816 3087 η
839 3019 982 3076 scriberet
1003 3043 1021 3090 e,
1044 3041 1057 3073 ο
1079 3038 1134 3097 pro
1157 3042 1177 3076 ω
1200 3020 1267 3077 sim.
1303 3020 1339 3077 In
1356 3019 1443 3078 titulo
1459 3019 1504 3078 IV
1519 3038 1603 3095 prae·

277 3122 391 3197 scripta
412 3120 541 3178 formula
561 3117 575 3175 i
591 3114 678 3189 δῆμος
698 3152 740 3162 -
762 3121 805 3178 sic
819 3121 898 3179 enim
913 3122 943 3178 in
956 3120 1153 3180 vallicellano
1169 3154 1206 3163 -
1223 3121 1370 3179 omittitur
1384 3124 1414 3179 in
1430 3122 1603 3200 apographo

277 3223 427 3292 Fauiano,
454 3232 484 3280 et
508 3223 607 3299 potuit
631 3221 728 3279 omitti
754 3221 907 3295 facillime;
938 3222 1071 3281 eiusdem
1098 3223 1301 3298 neglegentiae
1328 3225 1497 3302 exemplum
1525 3224 1604 3282 infra

277 3345 315 3383 ex
330 3325 469 3383 Palatino
485 3323 578 3381 adtuli
592 3323 629 3381 ad
652 3344 680 3381 n.
696 3323 803 3382 XXII.
820 3356 857 3366 -
880 3323 998 3383 Deinde
1012 3324 1042 3383 in
1063 3344 1092 3383 n.
1108 3325 1166 3383 XII
1187 3326 1311 3402 legitur:
1335 3328 1600 3383 ΑΥΤΟΚΡΑΤΟΡΙ

278 3431 401 3484 ΚΑΙΣΑ.
417 3429 732 3483 ΝΕΡΟΥΑΤΡΑΙΑΝΩ
749 3429 903 3495 ΚΑΙΣΑΡΙ,
929 3426 977 3483 ubi
1000 3426 1084 3484 nihili
1106 3444 1174 3485 esse
1195 3427 1279 3505 prins
1301 3431 1425 3484 ΚΑΙΣΑ.
1448 3436 1477 3485 et
1498 3437 1604 3502 sponte

277 3537 401 3607 apparet
423 3535 453 3586 et
474 3527 568 3587 sensit
589 3527 739 3599 librarius,
761 3528 812 3603 qui
833 3536 970 3603 coeptum
986 3529 1163 3587 vocabulum
1185 3548 1240 3588 nec
1261 3529 1299 3587 ad
1317 3528 1406 3588 finem
1421 3529 1561 3606 perduxit
1575 3535 1606 3586 et

277 3642 418 3707 punctum
443 3630 599 3707 adposuit,
627 3637 661 3688 ut
687 3630 944 3689 sciliceterrasse
971 3647 1004 3687 se
1031 3631 1221 3707 significaret.
1266 3630 1387 3689 Desunt
1410 3631 1466 3690 bae
1486 3630 1604 3689 litterae

278 3735 308 3792 in
328 3733 533 3791 Vallieellano.
578 3733 642 3791 Iam
668 3750 739 3791 vere
760 3731 923 3790 notandum
945 3732 1043 3790 estin
1065 3734 1237 3811 apographo
1257 3733 1394 3791 Pariano
1417 3750 1523 3791 versus
1545 3751 1605 3791 non

276 3836 339 3893 sere
360 3834 468 3906 dividi,
494 3835 586 3893 dividi
607 3853 678 3893 vero
705 3835 735 3892 ln
754 3833 951 3893 Vallicellano
978 3843 1008 3893 et
1031 3835 1120 3893 huius
1141 3835 1259 3911 quidem
1283 3834 1360 3893 tituli
1383 3835 1441 3906 ita,
1468 3844 1501 3893 ut
1521 3829 1604 3891 airo-

277 3927 388 4021 apa'ropr
408 3944 438 3995 et
459 3937 592 4018 Τραιανῷ
611 3936 763 3996 voeabuIIs
786 3954 891 3995 versus
913 3937 1116 4009 termInentur‚
1143 3937 1245 4014 itaque
1267 3955 1374 3997 versus
1396 3937 1545 3996 secundus
1566 3936 1604 3994 ab

279 4044 396 4098 ΚΑΙΣΑ.
411 4038 548 4111 frustula,
563 4039 669 4098 tertius
685 4039 723 4096 ab
738 4042 875 4095 ΚΑΙΣΑΡΙ
894 4057 965 4097 voce
980 4039 1096 4097 initium
1112 4040 1220 4117 capiat.
1255 4038 1454 4117 Cognoscitur
1467 4039 1523 4097 hoc
1537 4057 1604 4115 pec·

279 4161 364 4201 casse
390 4142 560 4214 librarium,
588 4148 620 4200 ut
642 4160 660 4197 a
681 4140 803 4199 secundi
825 4141 864 4199 ad
884 4141 962 4198 tertii
984 4159 1088 4200 versus
1111 4141 1227 4200 initium
1251 4142 1347 4200 oeulis
1369 4143 1521 4200 aberraret
1542 4158 1604 4198 cer-

278 4252 400 4320 tumque
422 4252 469 4301 est
488 4261 595 4302 versus
618 4242 693 4301 adeo
715 4242 839 4301 eundern
861 4242 892 4300 in
913 4242 1033 4301 modum
1055 4242 1169 4302 divisos
1192 4254 1350 4319 utrumque
1368 4243 1521 4301 librarium
1537 4253 1604 4300 ante

278 4345 382 4404 oculus
410 4344 559 4405 habuisse.
604 4343 720 4405 Certior
746 4345 836 4402 etiam
863 4344 889 4402 si
916 4345 1015 4423 possit
1040 4346 1105 4405 fieri
1131 4364 1178 4405 res
1204 4346 1238 4404 fit
1266 4364 1317 4417 eo,
1345 4344 1424 4421 quod
1450 4345 1482 4403 in
1504 4361 1605 4401 errore

278 4447 408 4523 quodam
440 4447 520 4507 haud
546 4447 663 4527 vulgari
696 4447 843 4505 consentit
874 4464 942 4505 eum
967 4445 1163 4506 Vallicellano
1189 4446 1356 4505 Parianum
1384 4446 1605 4523 apographum3

279 4550 434 4626 utrobique
448 4550 525 4609 enim
547 4551 579 4609 in
600 4569 629 4608 n.
645 4548 709 4607 XII
729 4568 785 4627 pro
800 4539 898 4618 ariera
915 4549 1055 4607 scribitur
1068 4544 1170 4607 κτίστω
1194 4549 1334 4626 (Parian.
1348 4539 1487 4626 κτῆστω),
1508 4548 1606 4605 forma

278 4652 367 4727 plane
388 4651 531 4711 inaudita.

361 4754 553 4813 Valliccllani
576 4765 674 4814 autem
696 4753 895 4814 demonstrari
917 4760 1017 4831 potest
1038 4753 1170 4813 Asianas
1192 4753 1298 4814 saltem
1319 4753 1530 4831 inscriptiones
1546 4748 1604 4826 Cy·

278 4859 360 4915 riaeo
390 4857 500 4915 deberi.
542 4856 686 4915 Traditur
714 4858 793 4916 enim
819 4854 911 4922 tso',
936 4855 1041 4914 titulus
1064 4853 1098 4915 C.
1118 4856 1143 4914 Ι.
1167 4856 1246 4915 3527
1275 4875 1342 4915 cum
1368 4857 1425 4913 hoe
1451 4855 1604 4913 lemmate:

277 4954 378 5036 ‘Apud
398 4958 519 5017 Eoliam
546 4956 674 5017 dirutum
695 4959 867 5035 Appollinis
895 4957 1039 5035 templum
1066 4958 1307 5035 antiquissimum
1332 4958 1449 5034 magnis
1471 4964 1502 5014 et
1522 4954 1606 5013 nobi·

279 5060 358 5121 libus
384 5060 490 5119 litteris
518 5056 721 5138 epigramma'.
763 5060 850 5136 Quae
875 5058 1058 5120 adverbum
1082 5079 1169 5120 versa
1195 5069 1265 5119 sunt
1290 5079 1328 5118 ex
1354 5076 1462 5134 graeca
1484 5055 1605 5134 Cyriaei

279 5163 470 5223 adnotatione
491 5171 612 5222 servata
633 5164 663 5221 ln
684 5160 841 5223 Strabonis
862 5161 962 5221 codice
983 5161 1119 5221 Medieeo
1141 5162 1216 5238 plut.
1232 5159 1392 5232 XXVIII,
1408 5161 1442 5218 3:
1465 5152 1605 5242 Κυριακὲς
