3458 6292
648 532 806 595 ovasse.
826 533 1044 584 ouonsron.
1064 535 1089 584 1.
1483 517 1530 586 41

194 631 556 642 ——-———

449 705 484 764 P.
504 705 630 765 Tebaaus
644 706 679 765 P.
695 709 735 782 f.,
755 706 834 766 Xrir
855 706 984 766 stlitibus
1006 705 1173 765 iudicandis
1188 707 1337 765 Amiterni
1360 706 1381 764 l.
1398 704 1437 764 N.
1454 707 1535 767 utto

527 800 640 869 'aetatis
660 818 735 887 puto
756 810 921 886 Augustae.

448 911 483 971 P.
503 911 634 971 Tebaaus
653 911 688 970 P.
704 915 733 988 s.
751 911 834 982 Quir.
854 910 995 971 Gaulotus
1017 910 1161 982 Latiaris,
1184 922 1318 987 quaestor
1340 914 1400 970 (lici
1417 910 1534 981 Claudi,

532 1024 569 1073 tr.
581 1014 637 1091 pL,
647 1033 707 1092 pn,
718 1033 775 1091 per
789 1033 881 1073 ornnes
897 1015 1015 1072 loaorss
1032 1014 1203 1072 candidatus
1218 1015 1413 1090 Aaqrrstorum
1422 1015 1537 1072 Aueiae

531 1117 556 1175 Ι.
578 1115 618 1175 N.
639 1116 731 1176 5983.
775 1114 864 1175 Vixit
884 1117 911 1175 is
934 1116 1026 1193 igitur
1048 1114 1240 1191 Vespasiano
1267 1126 1296 1174 ct
1317 1117 1451 1175 Traiano
1473 1118 1535 1176 ferc

531 1219 757 1297 imperantibus.

449 1319 562 1381 Notum
585 1331 634 1379 est
647 1321 737 1381 telam
752 1318 931 1381 Sabinorum
947 1320 1053 1379 collem
1073 1320 1252 1396 significari;
1276 1320 1342 1379 vide
1357 1321 1535 1380 Mommseni

448 1423 486 1482 de
507 1422 577 1482 dial.
592 1424 631 1482 lt.
649 1423 701 1481 ini.
723 1442 753 1500 p.
770 1422 841 1482 243.
877 1423 1020 1482 Eiusdem
1043 1422 1171 1482 fortasse
1193 1424 1318 1502 originis
1342 1425 1430 1482 ctiam
1447 1424 1536 1482 Tibur

452 1525 584 1585 Liberius
616 1525 689 1602 (sed
718 1525 851 1602 Tiberis)
882 1525 978 1601 Tifata
1008 1525 1154 1601 Tifernum
1187 1526 1226 1585 cf.
1254 1525 1331 1584 idem
1359 1526 1534 1585 Mommseni

448 1626 526 1687 liber
547 1648 576 1706 p.
592 1627 686 1688 tots.

200 1730 388 1791 Tmums
450 1730 484 1789 P.
503 1731 658 1791 steiaaus
669 1732 706 1791 0.
723 1731 742 1790 l.
759 1732 843 1790 Folio
864 1730 965 1790 Asculi
986 1730 1017 1789 in
1032 1730 1144 1788 Piceno
1159 1728 1281 1790 Colucci
1298 1732 1398 1789 Asculi
1418 1752 1446 1809 p.
1466 1732 1534 1791 155.

449 1833 479 1891 A
499 1832 586 1892 Tebu
607 1832 696 1892 etiam
718 1833 835 1892 Peleius
861 1833 961 1892 Peleia
982 1840 1144 1910 potuerunt
1165 1834 1304 1892 derivari.

198 1930 434 1995 “sumanus
448 1933 488 1993 L.
514 1934 692 1995 Tesiaitaous
718 1936 841 2007 Primis,
868 1936 949 1995 sevir
977 1936 1154 2013 Augustalis
1182 1937 1278 1995 Reate
1306 1935 1535 2007 saumaticos,

532 2038 603 2097 333.

447 2138 567 2199 Plinius
583 2139 600 2197 3
624 2138 642 2217 ᾗ
660 2140 717 2199 111
738 2139 888 2199 Truentum
902 2160 1061 2200 sumamus
1081 2184 1147 2213 ...,
1162 2144 1270 2217 flumen
1287 2141 1406 2211 Albula,
1423 2141 1535 2199 Tessui-

447 2260 514 2301 mon
533 2240 592 2319 (ita
603 2242 681 2301 liber
694 2242 863 2315 Parisinus,
883 2243 1049 2303 Tessuiaam
1064 2244 1216 2301 Heluinam
1230 2242 1389 2302 Leidensis
1404 2243 1536 2301 sortasse

449 2364 488 2403 ex
509 2344 723 2423 dittographia,
748 2345 876 2404 Persium
899 2359 952 2405 aut
968 2347 1118 2404 Tercinum
1138 2345 1235 2422 vulg.)
1258 2364 1313 2421 quo
1329 2346 1432 2420 finitur
1446 2346 1536 2403 Proc-

449 2451 560 2507 tutiana
586 2451 665 2523 regio
692 2458 718 2506 et
742 2447 898 2506 Pt'cemium
925 2452 1034 2525 incipit.
1084 2445 1158 2506 Cum
1186 2447 1321 2505 Tessuino
1346 2448 1534 2516 Tericitauua

449 2549 476 2607 si
503 2560 584 2609 recte
610 2549 752 2621 traditur,
781 2559 883 2627 potest
909 2550 1063 2626 componi;
1091 2550 1143 2607 sed
1168 2549 1225 2607 suit
1245 2549 1373 2607 sortasse
1395 2549 1425 2607 in
1447 2548 1535 2606 titulo

448 2650 579 2711 Reatino
605 2652 788 2712 Tusciuicanus
810 2671 829 2708 a
851 2662 928 2710 tesca
950 2662 1049 2729 tesqua
1069 2651 1217 2709 vocabulo
1239 2658 1368 2720 vetusto,
1394 2650 1474 2728 quod
1496 2669 1536 2709 ex

447 2752 576 2813 Horatio
598 2764 700 2813 notum
723 2764 778 2815 cst.

199 2856 386 2915 turenses
457 2855 493 2927 Q.
518 2855 662 2916 Tettianus
688 2857 722 2928 Q.
738 2859 767 2932 s.
790 2855 915 2916 Statilio
936 2875 1029 2934 propo
1052 2856 1223 2916 Peltuinum
1246 2855 1270 2913 l.
1285 2854 1325 2913 N.
1341 2854 1431 2913 6078.

450 2956 553 3017 Tettiu
573 2976 647 3039 gens
669 2966 754 3031 noto3
777 2960 873 3018 locum
896 2959 1033 3018 similiter
1055 2958 1165 3018 dictum
1188 2978 1248 3017 non
1271 2957 1349 3015 novi.

198 3059 361 3121 'l'rsssrsvs
454 3058 588 3120 Yiaauus
610 3061 747 3121 Siloester
768 3060 914 3120 Luceriae
936 3061 960 3119 1.
978 3060 1018 3120 N.
1037 3062 1126 3120 1013.

451 3160 538 3223 Tisia
559 3162 744 3222 Bruttiorum
766 3164 908 3241 oppidum
931 3182 968 3222 ex
992 3163 1190 3240 scriptoribus
1212 3173 1324 3221 notum.

197 3262 399 3323 Toreuuvs
451 3264 494 3323 Μ
517 3264 670 3339 Passienus
694 3266 826 3327 Catullus
847 3265 990 3341 l(ibsrtus)
1013 3265 1173 3322 Murranus
1196 3263 1375 3341 Augustalis

450 3367 493 3426 Μ
518 3366 673 3444 Yoselaaus
694 3367 737 3426 Μ
753 3370 782 3442 s.
804 3368 973 3426 Honoratus
993 3367 1074 3425 filius
1097 3368 1162 3425 cius

450 3469 591 3545 Toseluaa
613 3470 753 3528 Murrani
779 3469 911 3547 l(il›ertu)
934 3469 1097 3528 Fortunata
1123 3467 1253 3529 Suessae
1281 3469 1305 3526 I.
1326 3467 1365 3527 N.
1387 3468 1465 3526 4041
1495 3487 1534 3526 cx

533 3571 776 3643 Fabrettiol'lii,
793 3571 862 3644 133,
884 3572 936 3649 qui
958 3572 1060 3631 habuit
1082 3592 1120 3630 ex
1142 3571 1260 3630 schedis
1282 3570 1466 3629 Barbarinis.

450 3672 691 3752 comparandum
713 3675 842 3733 fortasse
864 3673 1002 3732 Tuficum
1024 3672 1177 3732 Umbriae.

197 3774 370 3836 Tuunvs
450 3775 489 3835 L.
515 3776 661 3836 Troianus
688 3776 807 3835 Arabus
833 3776 948 3834 Romae
976 3775 1188 3846 Ι)ο1113,67;
1217 3774 1377 3833 llenzenus
1405 3773 1479 3831 vidit
1505 3775 1535 3832 in

532 3897 638 3939 museo
660 3876 841 3956 Capitolino.
885 3878 943 3937 Est
964 3879 1030 3936 aevi
1053 3876 1244 3937 Diocletiani.

195 3979 429 4052 Tumultus,
451 3979 490 4039 L.
506 3980 663 4040 Trebluaus
677 3980 715 4039 L.
732 3980 892 4040 tricostus
914 3999 1007 4056 prope
1029 3980 1201 4058 Aquileiam
1224 3977 1259 4038 C.
1275 3979 1297 4036 I.
1313 3976 1349 4037 1..
1365 3978 1381 4035 Ι
1399 3978 1475 4037 1461
1495 4003 1531 4027 --

205 4064 238 4123 T
239 4078 408 4123 maman
533 4084 562 4143 v
580 4084 658 4144 1418
682 4082 886 4143 1111111111
910 4083 1049 4160 Augusti.

454 4185 486 4246 Τ.
512 4186 667 4245 stabianus
688 4186 827 4245 Murram
848 4184 919 4260 (sic,
942 4203 1106 4261 cognomen
1128 4184 1316 4261 peregrinum
1340 4182 1405 4241 sine
1427 4181 1534 4258 dubio)

532 4288 648 4348 Romae
671 4286 792 4349 Guasco
813 4306 890 4347 mus.
914 4286 988 4364 Cap.
1007 4288 1083 4359 8983
1106 4286 1179 4344 vidit
1199 4285 1372 4343 llenzenus.

450 4389 488 4449 L.
515 4390 693 4450 Trebulaaus
715 4390 879 4468 Pamphilio

451 4492 482 4551 Τ.
506 4491 682 4552 stabularius
706 4494 788 4553 Falla

450 4592 493 4654 Μ.
519 4594 707 4671 stabulacho
727 4595 811 4671 ....]
840 4594 870 4653 in
896 4595 983 4654 fastis
1004 4594 1123 4671 collegii
1147 4591 1356 4669 Augustalium
1380 4591 1532 4650 cuiusdam

532 4716 571 4756 ex
593 4716 667 4775 agro
688 4697 826 4757 Romano
847 4696 971 4755 Henzen
987 4696 1077 4756 7165.

454 4798 485 4858 Τ.
507 4799 685 4859 Treluluaus
710 4799 740 4858 Τ.
757 4803 785 4876 s.
812 4798 965 4875 Cantilia)
986 4798 1094 4875 Nepos.

454 4902 484 4961 Τ.
511 4902 687 4961 stabularius
712 4901 745 4960 Τ.
768 4902 816 4960 tit.
839 4902 938 4979 Nepos
962 4899 1131 4959 sacerdotes
1153 4898 1294 4958 llorculis
1315 4899 1429 4957 Tibure
1451 4898 1533 4957 llon·

532 5003 701 5063 11116065.
1242 5054 1246 5065 ,

450 5106 492 5165 Μ.
519 5106 697 5166 metaturae
720 5147 810 5164 .....
834 5104 958 5184 Capuae
981 5104 1005 5161 Ι.
1021 5103 1061 5163 N.
1078 5103 1167 5162 3843.

451 5209 614 5270 stabulaus
634 5209 750 5268 Iustina
770 5207 934 5268 Beneventi
957 5206 981 5263 Ι.
997 5204 1036 5264 N.
1055 5205 1143 5264 1400.
