3458 6292
309 477 352 547 12
901 495 1039 546 unani.

1482 598 1633 606 ——-

303 671 475 730 Boeckbius
508 672 661 730 refellitur.
712 671 840 747 Triplex
872 669 1008 728 mulieris
1042 669 1107 728 laus
1136 669 1272 741 effertur3
1305 669 1401 745 prima
1430 668 1510 744 quod
1538 668 1574 727 de
1603 689 1634 727 re

303 773 424 850 publica
446 776 520 833 bene
543 775 648 833 merita
669 774 722 846 sit,
744 773 839 831 altera
860 772 941 848 quod
963 791 999 830 ne
1022 790 1107 831 sacra
1129 771 1247 848 quidem
1269 790 1395 830 munera
1417 772 1634 844 detrectaverit,

252 923 254 927 Α
302 876 392 935 tertia
416 877 497 953 quod
519 878 587 953 ipsa
606 877 681 936 bene
703 876 809 934 merita
830 894 849 932 a
870 874 1032 932 maioribus
1056 874 1250 933 nobilissimis
1272 874 1465 933 descenderit.
1510 872 1635 954 Singula

303 978 488 1055 singulorum
511 999 586 1057 quae
608 979 718 1056 copula
739 983 842 1037 carent
863 969 1043 1035 commatu'm
1065 977 1198 1036 membra
1217 967 1265 1032 nal
1279 977 1426 1054 particula
1441 986 1635 1037 conectuntur

303 1072 447 1163 (reprimam
467 1070 516 1139 nul
538 1072 688 1165 εὐεργέτιν,
710 1069 796 1164 ispius
817 1068 865 1136 nal
886 1069 1053 1162 irgcrpo'pov),
1080 1079 1156 1138 unde
1177 1088 1330 1157 peccatum
1353 1086 1418 1138 erat
1439 1080 1466 1137 sl
1486 1071 1584 1157 λόγιος
1605 1089 1636 1139 et

301 1172 437 1267 πρύτανις
466 1184 612 1243 vocabula
641 1172 802 1240 ἀσυνδέτωι
831 1180 1046 1267 ponebantur.'
1074 1181 1214 1259 Denique
1243 1199 1332 1258 quam
1360 1190 1428 1259 apte
1456 1181 1633 1242 adiectivum

301 1275 401 1362 λόγιος
422 1285 459 1344 ad
483 1286 704 1346 substantivum
727 1274 858 1367 aptitatus
880 1284 1013 1356 accedat,
1035 1284 1122 1342 docet
1143 1284 1235 1363 epigr.
1258 1286 1296 1343 A.
1318 1283 1387 1344 Pal.
1408 1285 1489 1363 App.
1512 1306 1541 1344 n.
1557 1284 1632 1344 346:

608 1479 687 1547 τιμῆς
708 1467 852 1563 ἄρχοντος
873 1469 972 1553 λογίου
996 1465 1087 1560 χάριν
1109 1465 1264 1545 ἐστήσαντο

647 1571 744 1651 βουλὴ
766 1570 815 1638 καὶ
836 1571 972 1646 βασιλεῖς
993 1572 1040 1635 τᾶν
1062 1571 1152 1654 σοφὸν
1174 1568 1324 1643 Εὖτέβιον.

383 1754 436 1811 τᾶν
458 1750 536 1811 θεοῖν
555 1748 712 1832 'drapalia
732 1744 780 1813 ael
802 1754 961 1839 Κιιρσσιῗν.
1004 1752 1152 1812 Neutrum
1179 1772 1287 1812 nomen
1313 1753 1409 1811 habeo
1435 1754 1486 1830 qui
1511 1754 1631 1832 penitus

303 1855 459 1933 explicem.

384 1947 558 2042 ippepc'poue
580 1976 652 2035 apes
675 1969 763 2019 vocat
776 1959 933 2031 Aelianus,
955 1957 1102 2035 virginem
1124 1947 1278 2042 ipycpc'pav
1299 1975 1360 2015 non
1380 1958 1532 2038 intellego.
1569 1959 1631 2018 Ita·

301 2078 359 2136 quo
390 2060 544 2119 emendavi
575 2050 726 2145 irporpa'prv.
777 2061 825 2122 De
853 2061 955 2138 puella
979 2050 1137 2145 κερνοφόρῳ
1165 2060 1309 2138 cogitavit
1336 2059 1541 2121 Mommsenus
1574 2060 1629 2138 (ci.

303 2160 602 2240 e.1.1..1p.391.
624 2163 817 2241 vln.508).
860 2163 931 2224 Non
961 2163 1082 2222 ultimus
1111 2172 1191 2222 certe
1218 2163 1250 2221 in
1276 2162 1426 2240 mysteriis
1455 2165 1518 2224 eius
1546 2164 1630 2225 locus

300 2266 366 2341 fuit,
389 2284 467 2342 qnae
490 2284 576 2325 sacra
596 2266 720 2326 ferebat.

382 2368 510 2428 Potamo
535 2369 693 2448 legislator
719 2368 815 2427 adhuc
842 2386 901 2427 non
929 2369 1068 2428 innotuit.
1110 2368 1206 2429 Plane
1234 2369 1380 2428 obscurae
1411 2377 1481 2428 sunt
1500 2367 1630 2429 Romani

298 2470 415 2549 imperii
438 2471 623 2548 temporibus
646 2490 693 2531 res
707 2470 898 2543 Lesbiorum,
921 2471 973 2531 sed
995 2471 1125 2531 conicias
1141 2471 1338 2530 Potamonem
1352 2471 1543 2548 Mytilenaeis
1559 2472 1630 2530 civi-

298 2573 353 2633 bus
383 2573 485 2632 neseio
513 2591 591 2649 quae
612 2573 711 2651 litigia
732 2574 942 2634 exercentibus
964 2582 1155 2651 aesymnetae
1175 2575 1272 2635 instar
1293 2573 1500 2633 intercessisse
1522 2593 1631 2651 resque

298 2675 475 2734 auctoritate
503 2685 534 2735 et
558 2676 717 2751 prudentia
743 2693 799 2735 sua
824 2677 855 2733 in
882 2677 1040 2753 pristinum
1068 2676 1202 2735 ordinem
1229 2676 1391 2754 redegisse.
1434 2665 1557 2753 ἕ[ν]νεκα
1578 2697 1629 2736 ne·

298 2777 431 2836 cessaria
456 2779 583 2836 mutatio
612 2788 671 2850 est3
700 2797 769 2835 nam
799 2778 931 2836 omnium
957 2779 1087 2838 maxime
1114 2779 1203 2838 huius
1232 2779 1311 2838 tituli
1340 2778 1485 2838 dialectus
1515 2780 1628 2838 severis

297 2879 416 2957 legibus
439 2879 585 2939 adstricta
606 2888 660 2938 est.

381 2974 487 3048 τιν’μιιι.
523 2981 634 3043 Nescio
657 3001 696 3042 an
715 2984 769 3044 τοῖς
790 2984 936 3043 articulus
958 3002 997 3042 ex
1019 2983 1203 3043 antecedenti
1224 2984 1341 3062 syllaba
1362 2988 1429 3041 [ΑΣ
1450 3003 1628 3060 recuperan-

298 3083 354 3143 dus
382 3085 430 3144 sit.
473 3079 552 3155 τιμὴν
580 3084 616 3161 (l.
632 3104 657 3144 e.
680 3076 847 3168 ἀνδριάντα)
874 3081 1035 3157 ἀναστῆσαι
1062 3104 1122 3144 non
1147 3105 1217 3146 raro
1239 3087 1361 3159 dicitur3
1384 3087 1421 3145 cf.
1444 3085 1479 3146 C.
1495 3086 1520 3147 I.
1536 3086 1627 3147 2987.

299 3185 390 3246 2818.
423 3186 554 3246 Privatis
575 3187 744 3247 bominibus
767 3206 842 3264 quos
865 3198 986 3248 senatus
1006 3191 1195 3267 populusque
1212 3190 1384 3250 decreverat
1398 3191 1538 3261 honores,
1559 3208 1626 3266 pro-

297 3288 403 3367 pinqui
435 3290 610 3365 plerumque
638 3291 847 3365 procurabant
897 3292 1076 3351 Artemisiae
1104 3303 1204 3351 tamen
1230 3301 1344 3352 statuae
1372 3292 1529 3370 ponendae
1556 3310 1628 3350 cura

297 3391 421 3450 Aurelio
446 3392 556 3451 Proclo
583 3393 703 3469 obtigit,
737 3404 859 3453 senatus
887 3394 1019 3467 scribae,
1047 3395 1104 3454 nisi
1132 3395 1209 3454 forte
1231 3396 1308 3454 idem
1336 3396 1524 3473 propinquus
1553 3403 1627 3464 erat,

297 3494 379 3570 quod
407 3513 446 3553 ex
475 3495 624 3554 communi
650 3495 753 3572 gentili
782 3497 901 3555 nomine
927 3496 1027 3573 colligi
1055 3499 1160 3575 possit.
1208 3496 1417 3556 Nobilioribus
1445 3498 1502 3554 hoc
1531 3496 1627 3566 datur,

298 3606 331 3656 ut
351 3596 474 3655 honoris
496 3597 636 3676 exigendi
658 3597 787 3657 officium
810 3599 999 3676 magistratui
1020 3600 1108 3657 alicui
1131 3600 1287 3671 tribuatur,
1309 3599 1400 3658 veluti
1415 3600 1626 3676 imperatorum

302 3699 411 3759 statuis
433 3717 494 3757 non
515 3718 583 3758 raro
605 3700 751 3778 prospicit
772 3701 884 3759 archon
909 3719 1091 3777 cponymns,
1115 3703 1166 3778 qui
1188 3703 1245 3760 hoc
1267 3701 1368 3760 oblato
1390 3700 1488 3759 officio
1511 3710 1540 3759 et
1561 3702 1626 3776 ipse

296 3811 448 3878 tamquam
469 3801 583 3859 honore
605 3802 722 3860 fruitur.
766 3802 923 3879 Exemplis
945 3803 1140 3881 congerendis
1164 3804 1360 3882 supersedeo,
1389 3821 1448 3861 uuo
1470 3811 1626 3862 contentus

296 3904 384 3961 titulo
408 3900 548 3963 Sciatheo
570 3900 620 3979 (C.
640 3904 665 3962 Ι.
687 3903 797 3980 2154),
824 3905 873 3963 ubi
897 3903 1042 3983 Septimio
1065 3904 1175 3968 Severo
1197 3908 1326 3965 honores
1348 3906 1547 3965 decernuntur
1568 3904 1626 3962 ἐπι-

296 3996 490 4073 μεληπιμένου
518 3998 672 4063 Ὑακίνθου
701 3999 819 4064 Πίστιν.
852 3996 965 4078 Ἀνὲηι
993 3997 1077 4089 ἦρξεν
1107 3999 1253 4073 ἐπωνύμου
1285 4005 1391 4092 ἀρχῆς.
1443 4006 1493 4068 Sic
1520 4027 1626 4084 nempe

291 4107 387 4166 edunt
412 4116 442 4166 et
468 4106 585 4167 adunco
612 4119 645 4167 ut
672 4109 756 4168 aiunt
781 4126 855 4168 naso
883 4111 1031 4169 sermonis
1056 4111 1222 4170 barbariem
1248 4110 1442 4188 suspendunt.
1488 4108 1626 4170 Scriben-

294 4209 379 4268 dum:
406 4201 522 4279 llio-rev,
544 4205 618 4268 civ&
640 4197 672 4280 ἧς
693 4199 777 4294 ἦρξεν
800 4201 942 4279 ε’πωνιῖμον
966 4209 1071 4297 ἀρχῆς,
1114 4213 1206 4272 Vides
1227 4213 1298 4289 quid
1319 4214 1362 4271 rei
1384 4213 1432 4284 sit,
1454 4231 1508 4271 nec
1531 4211 1625 4272 Grae·

295 4330 347 4371 cos
370 4312 457 4371 tertio
478 4312 599 4373 saeculo
621 4331 726 4389 graece
749 4313 832 4389 loqui
854 4313 988 4374 desiisse.

294 4600 383 4659 VIII.
427 4602 462 4660 ln
485 4602 652 4663 diversorio
674 4603 754 4679 quod
778 4611 885 4663 vocant
905 4605 1088 4682 paradisum.

619 4784 732 4877 Στᾶργη
756 4790 835 4873 [Qu.
859 4789 1009 4872 [Ἰν]νλιίις
1031 4790 1170 4880 xpm-[rei]
1193 4799 1290 4881 χαῖρε.

293 4982 408 5043 Rarum
430 4992 476 5042 est
497 4985 550 5043 sed
572 5003 632 5044 nou
651 4985 817 5046 inauditum
839 4978 979 5071 θνγιιιιίρ
1001 4988 1214 5066 appellativum
1236 4990 1340 5048 matris
1361 4990 1492 5066 patrisve
1513 5008 1623 5047 nomen

293 5084 508 5162 praemissum,
536 5086 572 5147 cf.
595 5089 639 5147 tit.
662 5088 889 5169 Philadelphiae
917 5090 996 5168 apud
1017 5091 1115 5151 Lebas
1141 5101 1216 5168 part.
1233 5092 1281 5149 Ill
1304 5112 1332 5150 n.
1351 5093 1424 5151 657:
1452 5084 1622 5175 Πρεισκίνλιι

293 5182 427 5262 incrensi,
446 5182 585 5273 θνγιιτὴρ
607 5192 727 5260 Δημοῦς.
