3458 6292
195 918 244 988 20
792 938 932 989 saram

195 1120 318 1169 scurata
345 1119 426 1181 erat;
456 1111 537 1187 quod
562 1112 686 1169 tradidit
709 1129 815 1170 nomen
838 1112 941 1187 utique
964 1110 1073 1169 falsum
1096 1122 1150 1169 est.
1194 1110 1398 1187 Theophanes
1421 1108 1551 1187 reliquit

196 1212 290 1271 filium
313 1213 353 1271 M.
376 1212 553 1289 Pompeium
581 1222 659 1273 teste
682 1212 832 1273 Strabone
855 1213 959 1289 (xllt,
982 1212 1058 1289 618)
1084 1214 1135 1289 qui
1157 1213 1184 1270 ei
1207 1212 1287 1289 apud
1308 1212 1474 1271 Tiberium
1498 1232 1547 1271 ac·

195 1316 371 1390 ceptissimo
393 1315 529 1391 aequalis
552 1316 617 1374 fuit.
653 1316 753 1374 Paene
776 1325 888 1375 certum
911 1315 1039 1388 videtur,
1062 1315 1151 1373 etiam
1166 1324 1281 1391 patrem
1295 1313 1435 1373 Marcum
1453 1314 1547 1373 Pom·

194 1419 294 1493 peium
317 1418 500 1475 nominatum
518 1419 624 1489 fuisse,
640 1416 844 1494 Capitolinum
861 1427 961 1476 autem
976 1418 1134 1477 erravisse.
1169 1416 1294 1491 Pompei
1309 1416 1428 1475 amicus
1445 1416 1546 1475 uesci·

194 1538 262 1577 mus
284 1538 344 1596 quo
359 1539 439 1579 anno
455 1528 591 1578 mortuus
607 1520 655 1578 sit.
690 1520 766 1577 Post
781 1520 927 1596 proelium
944 1520 1154 1579 Pharsalicum
1170 1538 1236 1577 cum
1253 1518 1400 1594 Pompeio
1415 1518 1546 1597 Mytile-

194 1641 252 1680 nen
274 1622 426 1699 profectus
449 1642 521 1681 mox
542 1623 595 1680 illo
617 1630 737 1681 mortuo
752 1622 880 1681 Romam
903 1640 1042 1681 reversus
1065 1623 1128 1679 otia
1149 1621 1256 1679 litteris
1273 1621 1392 1681 dicasse
1407 1622 1544 1681 ridetur.

194 1728 233 1783 A.
251 1726 291 1781 44
312 1725 493 1783 interrivos
515 1735 690 1783 numeratur
711 1744 730 1783 a
745 1724 892 1784 Cicerone
914 1726 951 1782 ad
968 1727 1030 1783 Att.
1047 1724 1106 1782 XV
1125 1724 1170 1781 19.
1208 1724 1340 1782 Marcum
1355 1722 1543 1803 Pompeium

194 1828 291 1885 filium
307 1828 438 1905 Augusti
455 1827 600 1886 beneficio
615 1830 710 1887 Asiae
725 1838 949 1903 procuratorem
965 1827 1070 1895 fuisse,
1088 1826 1194 1885 deinde
1209 1826 1362 1885 Tiberium
1378 1828 1407 1885 ei
1422 1827 1544 1887 favisse

194 1928 304 1989 Strabo
320 1942 423 1989 auctor
439 1938 493 1988 est.
527 1931 607 1988 lram
624 1949 695 1987 vero
712 1930 826 1988 Tiberii
842 1929 959 2005 experti
976 1940 1045 1987 sunt
1061 1929 1172 2004 posteri
1188 1929 1264 1999 eius,
1279 1945 1340 2004 quo
1354 1928 1392 1987 de
1406 1928 1542 1988 Tacitus

198 2030 264 2091 Ser.
281 2030 381 2091 Galba
395 2032 431 2090 L.
449 2032 536 2091 Sulla
554 2051 615 2089 cos.
636 2052 663 2089 a.
676 2032 715 2089 33
736 2032 827 2091 haece
848 2043 951 2089 narrat
973 2033 1025 2105 (A.
1042 2029 1169 2105 1V26):
1190 2026 1291 2088 ‘etiam
1311 2031 1341 2089 in
1356 2028 1541 2107 Pompeiam

195 2134 360 2192 Macrinam
387 2133 512 2192 exilium
536 2134 690 2204 statuitur,
717 2135 803 2193 cuius
827 2135 964 2193 maritum
987 2134 1162 2209 Argolicum
1185 2151 1322 2190 socerum
1343 2131 1502 2192 Laconem
1523 2154 1541 2191 e

196 2236 379 2313 primoribus
400 2236 591 2294 Achaeorum
614 2235 728 2295 Cacsar
755 2237 929 2307 adflixerat3
956 2246 1040 2311 pater
1061 2252 1180 2311 quoquc
1200 2235 1336 2293 inlustris
1359 2252 1453 2311 eques
1475 2236 1541 2295 Ro-

196 2358 304 2396 manus
327 2356 362 2396 ac
384 2338 477 2397 frater
498 2339 666 2416 praetorius
689 2357 756 2397 cunr
779 2339 930 2397 damnatio
952 2338 1079 2395 instaret
1100 2356 1134 2395 sc
1148 2336 1203 2412 ipsi
1220 2337 1407 2395 interfecere:
1430 2336 1537 2397 datum

196 2452 261 2496 erat
287 2440 418 2510 crimini,
447 2441 527 2516 quod
550 2440 756 2516 Theophanen
779 2441 995 2515 Mytilenaeum
1023 2457 1167 2514 proavum
1195 2459 1298 2498 eorum
1324 2435 1380 2498 Cu.
1403 2440 1539 2517 Magnus

196 2542 274 2599 iuter
294 2542 416 2601 intimos
436 2543 591 2602 habuisset
605 2542 744 2619 quodque.
759 2542 897 2600 defuncto
913 2542 1093 2617 Theophani
1108 2542 1253 2600 caelestes
1268 2541 1398 2601 honores
1416 2540 1540 2602 Graeca

196 2644 330 2703 adulatio
353 2640 515 2706 tribuerat’
552 2646 689 2703 Proavus
713 2644 827 2702 scilicet
843 2643 1046 2721 Theophanes
1068 2644 1124 2702 fuit
1145 2644 1308 2719 Pompeiae
1330 2644 1488 2702 Macrinae
1510 2652 1540 2702 et

195 2746 298 2805 fratris
321 2749 474 2822 praetorii,
497 2757 529 2805 ut
550 2756 635 2823 pater
658 2747 795 2806 inlustris
811 2764 902 2822 eques
919 2746 1075 2805 Romanus
1091 2747 1183 2805 Marci
1200 2746 1325 2821 Pompei
1341 2746 1420 2803 filius
1434 2746 1539 2805 fuerit.

198 2848 316 2907 fratris
343 2850 487 2927 praetorii
509 2850 640 2908 fortasse
662 2851 793 2925 aliquam
816 2850 991 2909 memoriam
1014 2848 1152 2926 quamvis
1174 2850 1315 2925 exiguam
1338 2856 1477 2907 tenemus
1501 2870 1540 2909 ex

195 2950 300 3009 eodem
323 2950 430 3011 Tacito
457 2956 538 3009 Anu.
561 2951 574 3007 I
597 2950 636 3008 72
659 2952 701 3026 (a.
721 2954 757 3009 15
784 2951 887 3010 Druso
916 2950 1048 3011 Caesare
1077 2948 1113 3009 C.
1140 2948 1285 3009 Norbano
1312 2948 1420 3025 coss.):
1449 2946 1539 3011 ‘mox

196 3052 338 3111 Tiberius
366 3054 556 3111 consultante
579 3051 723 3127 Pompeio
747 3053 849 3109 Macro
877 3063 1015 3130 praetore
1041 3071 1079 3111 au
1105 3051 1215 3111 indicia
1239 3052 1406 3110 maiestatis
1427 3051 1540 3111 redde-

196 3167 308 3225 rentur,
335 3156 517 3211 exercendas
540 3153 621 3232 leges
643 3171 711 3212 csse
734 3149 906 3229 respondit’
950 3152 1090 3212 Sororem
1114 3154 1206 3211 exilio
1229 3153 1382 3211 multatam
1405 3154 1435 3211 in
1457 3152 1539 3215 Les·

197 3258 269 3313 bum
292 3257 420 3331 patriam
445 3256 572 3314 insulam
596 3256 718 3314 rediisse
743 3254 904 3313 verisimile
926 3264 981 3311 est.

281 3358 328 3415 Ad
365 3358 443 3415 hano
478 3358 621 3416 familiam
659 3359 795 3416 fortunae
832 3356 949 3414 vicibus
982 3358 1056 3415 satis
1088 3358 1231 3433 agitatam
1265 3366 1298 3415 ut
1328 3376 1381 3416 eos
1414 3360 1468 3434 qui
1505 3362 1538 3419 in

199 3459 290 3516 titulo
324 3459 381 3516 hoc
413 3469 617 3517 memorantur
648 3460 784 3517 homines
815 3459 971 3529 referrem,
1004 3460 1063 3517 tria
1093 3478 1141 3517 me
1173 3458 1366 3518 induxerunt:
1402 3462 1539 3537 primum

199 3560 409 3636 Pompeiorum
437 3580 545 3618 nomen
573 3561 698 3637 gentile,
726 3559 832 3619 deinde
855 3561 1006 3621 Macrinus
1036 3579 1214 3639 cognomen,
1243 3561 1370 3639 denique
1397 3563 1480 3638 quod
1504 3565 1539 3623 in

197 3660 298 3719 Lesbo
326 3662 428 3720 insula
454 3674 589 3740 repertus
618 3674 664 3721 est
692 3663 795 3722 titulus
825 3671 853 3722 et
881 3664 1003 3740 quidem
1031 3664 1063 3721 in
1085 3665 1153 3740 ipsa
1173 3664 1423 3741 Mytilenaeorum
1448 3666 1538 3727 urbe.

198 3762 324 3821 Lemma
350 3766 428 3823 enim
456 3774 516 3821 est:
546 3764 659 3823 Ibidem
688 3767 715 3823 h.
737 3786 762 3823 e.
789 3767 820 3823 in
847 3767 964 3825 balneis
987 3766 1093 3834 Lesbi,
1121 3784 1197 3841 quae
1218 3767 1327 3826 balnea
1348 3780 1417 3826 sunt
1438 3786 1538 3845 prope

198 3866 364 3941 Mytilenen
387 3868 459 3938 sita,
481 3867 598 3925 Dianae
621 3868 781 3926 Tlrermiae
804 3870 898 3927 sacris
922 3868 1067 3944 festisque
1089 3869 1253 3941 celebrata,
1276 3871 1441 3946 dequibus
1464 3870 1538 3931 ride

199 3964 303 4026 Conzo
324 3968 440 4028 Lesbos
468 3990 495 4045 p.
516 3969 562 4027 16.
607 3968 772 4028 Confirmat
800 3970 928 4045 denique
955 3970 1155 4029 coniecturam
1182 3972 1223 4029 M.
1250 3971 1373 4047 Pompei
1402 3971 1534 4031 Macrini

199 4077 339 4144 quartum
361 4088 467 4127 nomen
490 4080 662 4145 corruptum
685 4076 901 4129 ΘΕΟΙΑΝΝΕΙ.
935 4071 1005 4129 Non
1028 4074 1146 4132 invenio
1168 4073 1240 4150 quid
1256 4074 1376 4132 facilius
1391 4075 1537 4148 aptiusve

199 4172 318 4229 restitui
340 4172 438 4247 possit
459 4190 547 4247 quam
570 4172 641 4231 illud
665 4173 744 4249 quod
766 4174 908 4249 proposui
931 4193 1038 4233 nomen
1056 4165 1206 4247 &caprinae
1230 4196 1248 4233 a
1268 4176 1364 4253 gentis
1378 4176 1537 4236 conditore

200 4272 341 4330 traditum
370 4282 587 4350 receptumque.
631 4274 789 4350 Duplicem
818 4282 839 4331 Ν
868 4276 995 4335 litteram
1024 4297 1084 4336 non
1112 4278 1237 4336 obstabo
1265 4280 1290 4337 si
1318 4278 1386 4355 quis
1414 4278 1537 4338 librarii

199 4374 406 4450 neglegentiae
431 4375 599 4435 condonare
621 4377 706 4448 velit3
737 4378 791 4435 sed
816 4385 917 4454 potest
943 4380 1032 4438 etiam
1059 4380 1123 4455 lege
1149 4381 1201 4439 niti
1232 4400 1320 4457 quam
1342 4382 1535 4459 grammatici

200 4494 311 4552 eosque
334 4477 427 4535 secuti
450 4477 530 4536 illius
553 4480 695 4555 temporis
712 4479 877 4538 Aeolcnses
898 4496 937 4537 ex
959 4481 1037 4539 male
1059 4482 1209 4541 intellecto
1231 4484 1350 4561 liuguae
1366 4503 1421 4543 usu
1436 4482 1536 4542 duxe-

198 4588 277 4649 runt,
299 4578 391 4637 veluti
414 4576 580 4656 Gregorius
603 4578 763 4639 0012609:
787 4569 861 4637 orirer
883 4571 980 4638 mium
1002 4577 1038 4638 rai
1062 4574 1203 4659 adaptata
1225 4576 1465 4656 iratundiam
1487 4577 1535 4643 a’trl

198 4681 253 4736 τῶν
274 4671 431 4762 Βραχέων·
455 4675 491 4739 cde
511 4675 541 4738 ad
564 4671 673 4749 ivatas,
695 4672 769 4749 iilum„
790 4672 890 4741 niveae.
907 4716 948 4727 —
975 4688 1006 4740 ΕΙ
1031 4684 1061 4742 in
1085 4689 1137 4741 ΟΥ
1160 4698 1323 4746 correctum
1345 4688 1419 4745 nihil
1441 4688 1535 4747 habet

199 4780 391 4855 offensionis,
419 4784 508 4846 modo
532 4784 666 4843 lunatam
693 4785 788 4844 fuisse
815 4784 932 4843 litterae
961 4789 982 4841 Ε
1009 4786 1135 4844 formam
1157 4788 1254 4865 fingas
1278 4789 1337 4866 (Ε).
1382 4792 1534 4850 Accurate

198 4884 277 4941 enim
305 4902 432 4960 usquam
458 4887 625 4945 litterarum
650 4888 762 4963 figuras
790 4887 822 4945 in
850 4886 907 4945 hoo
935 4888 1108 4963 apographo
1131 4890 1255 4951 traditas
1278 4910 1345 4950 csse
1366 4893 1454 4952 valde
1476 4893 1533 4953 du·

198 4985 275 5055 bito,
298 4986 323 5043 si
346 4987 464 5063 quidem
487 4998 520 5047 ut
541 5009 631 5048 unum
652 4990 802 5065 proferam
825 4989 942 5047 litterae
965 4994 989 5047 ai
1010 4989 1040 5047 in
1063 4991 1199 5049 omnibus
1222 4992 1281 5052 illis
1304 4995 1377 5054 satis
1394 4994 1533 5056 diversae

198 5086 307 5145 aetatis
333 5088 430 5146 titulis
457 5090 554 5167 figura
579 5092 682 5150 eadem
709 5093 842 5169 pingitur
867 5092 905 5149 ad
933 5096 965 5149 to
992 5094 1129 5169 proximo
1159 5096 1312 5155 accedens.
1360 5097 1409 5157 De
1435 5097 1534 5157 forma

198 5187 327 5263 denique
342 5192 471 5265 genetivi
485 5182 647 5269 Oeapa'vov,
669 5213 746 5271 quae
767 5194 941 5254 traditorum
963 5195 1099 5273 vestigiis
1115 5200 1345 5271 commendatur,
1368 5201 1405 5259 cf.
1421 5201 1532 5260 Weck-

196 5289 258 5350 lein
279 5288 377 5349 Curae
399 5293 493 5370 epigr.
516 5314 545 5371 p.
562 5293 611 5353 23.

280 5391 437 5453 Habemus
464 5395 555 5469 igitur
581 5398 621 5455 M.
648 5397 827 5476 Pompeium
852 5400 1021 5459 Macrinum
1042 5400 1255 5479 Theophanem
1283 5413 1414 5482 patrem,
1440 5406 1530 5465 Pom·

196 5494 297 5571 pciam
318 5495 553 5574 Agrippinillam
574 5498 667 5559 filiam
689 5503 873 5581 eandemque
896 5522 1021 5563 uxorem
1037 5504 1079 5563 M.
1097 5502 1186 5564 Gabii
1210 5505 1249 5581 (s.
1266 5504 1371 5584 Gavii)
1396 5550 1531 5567 .......
