3458 6292
477 566 823 617 COMMENTATIONES
842 567 1117 618 EPIGRAPHICAE
1137 567 1239 618 TRES.
1450 551 1466 617 l
1503 550 1516 587 ἴ

180 752 369 798 sentaneum
391 752 446 812 est,
468 739 637 799 inLucana
658 742 788 799 nominis
809 742 907 801 forma
924 747 1049 799 narone
1069 760 1124 816 pro
1140 747 1282 807 Λαμπονις
1305 741 1431 798 debilem
1453 760 1523 799 eun-

180 849 350 901 sonantem
371 862 399 899 ra
420 850 471 901 aut
492 843 735 919 pronuntiatione
757 851 810 901 aut
835 843 998 921 scriptione
1026 842 1169 900 omissam
1198 861 1266 900 csse
1295 853 1328 901 ut
1353 843 1382 899 in
1405 842 1523 900 Latinis

180 943 361 1003 nominibus
381 944 499 1020 Topios,
526 945 631 1020 Topica,
653 944 779 1021 Popom',
802 943 928 1023 Sepront'
950 945 1017 1003 aliis
1038 963 1093 1021 pro
1120 945 1261 1021 saeptos,
1287 944 1420 1020 Templo,
1441 944 1523 1001 Pom·

181 1050 271 1121 porri,
301 1044 457 1121 Sernpronr'
477 1044 525 1120 (C.
541 1050 667 1122 Autspr.
684 1048 710 1117 I,
731 1046 796 1105 263
812 1068 855 1124 eq.
878 1048 920 1106 ed.
936 1048 981 1123 2).
1024 1046 1082 1105 Est
1104 1056 1201 1104 autern
1224 1054 1345 1107 Λαπονις
1366 1047 1523 1104 nominati·

180 1164 243 1205 vus
274 1148 353 1225 sing.
379 1148 513 1206 eiusdem
540 1150 658 1225 generis
686 1158 719 1206 ut
746 1148 848 1209 Oscae
873 1150 1008 1226 linguae:
1043 1150 1212 1219 Hetreunis,
1239 1149 1385 1219 Nicoma,
1417 1149 1522 1219 Stena,

189 1246 326 1313 estraes.
352 1249 432 1321 Asia,
453 1250 587 1321 Bicellis,
609 1250 711 1322 l'r't'bic,
733 1251 854 1323 Laetis,
871 1250 1003 1321 Lucilia,
1026 1250 1159 1321 Kolonis,
1182 1250 1318 1321 Cuisr'dr'c,
1343 1250 1441 1322 Paleis,
1463 1250 1523 1308 De·
1620 1292 1624 1298 -

185 1355 297 1425 gaoris
324 1350 376 1426 (0.
393 1352 473 1427 Z.s.
495 1354 583 1429 oerpl.
606 1352 676 1430 Spr.
700 1354 732 1424 V,
750 1356 801 1413 89.
823 1354 888 1425 XI,
909 1352 969 1411 338
990 1372 1034 1429 sq.
1057 1355 1115 1412 401
1136 1372 1178 1429 sq.
1201 1352 1331 1424 XVIII,
1355 1353 1429 1411 231.
1452 1352 1522 1410 237.

188 1452 340 1525 mm,
356 1454 437 1531 113).
480 1452 570 1529 Quod
592 1455 728 1531 sequitur
748 1474 856 1513 nomen
880 1457 1032 1533 proprium
1056 1450 1184 1533 ΠακῘηις
1205 1463 1251 1512 est
1272 1454 1422 1530 genitivus
1445 1456 1521 1531 sing.

190 1557 257 1631 pari
283 1556 422 1633 syllabae
448 1556 547 1615 finalis
574 1556 671 1615 forma
696 1567 785 1633 atque
810 1558 936 1617 eundem
958 1558 989 1616 in
1010 1557 1133 1617 modurn
1156 1558 1284 1634 scriptus
1309 1565 1341 1614 nt
1362 1558 1523 1627 Σταττιηις,

193 1651 358 1729 tamarae
378 1659 410 1717 in
431 1658 518 1718 titulo
529 1659 774 1718 Mamertinorum
785 1660 966 1719 Messinensi
990 1660 1133 1736 (Moratur.
1155 1659 1221 1718 Unt.
1236 1659 1319 1717 Diol.
1343 1669 1362 1716 t.
1382 1658 1459 1729 XII,
1481 1660 1523 1717 39

199 1758 298 1835 ptos
318 1760 379 1837 sq.)
406 1769 436 1818 et
457 1762 585 1831 Κοπιηις
610 1760 641 1818 in
663 1760 766 1840 tegula
779 1762 947 1821 Vibonensi
968 1762 1155 1821 Bruttiorum
1181 1762 1215 1839 (l.
1232 1781 1255 1821 c.
1275 1782 1307 1838 p.
1323 1761 1391 1833 192,
1410 1782 1443 1838 p.
1458 1761 1521 1836 38).

200 1858 387 1941 Oomparatis
406 1862 496 1939 igitur
517 1863 762 1922 Mamertinorum
784 1864 954 1923 nominibus
978 1864 1085 1923 Oscis:
1113 1866 1212 1925 Στενις
1233 1868 1348 1924 Katane
1370 1863 1522 1931 Σταττιηις

205 1988 239 2013 =
260 1962 372 2025 &unius
390 1962 523 2024 cottana
538 1964 624 2025 Statii
642 1968 671 2041 s.
692 1977 736 2025 et:
760 1971 860 2049 btapuc
881 1970 1020 2031 Ilounrue
1041 1960 1206 2035 Νιυμσδιηις
1229 1991 1266 2015 =
1290 1966 1397 2024 Murus
1419 1965 1522 2041 Pomp·

208 2066 257 2123 tlst
273 2066 431 2126 Il'ttan’sr'clt'i
443 2069 474 2142 s.
501 2086 569 2126 cum
591 2068 762 2127 nominibus
785 2068 862 2127 tituli
884 2068 1062 2127 Dianensis:
1089 2074 1123 2128 A.
1146 2075 1268 2129 aaran
1289 2063 1432 2146 ΠακῘηις,
1459 2067 1523 2143 pla·

213 2182 271 2225 aun
292 2168 326 2227 tlt
349 2164 480 2248 Ilmcfnrc
505 2188 575 2229 esse
603 2171 768 2249 genitivum
791 2172 867 2248 sing.
894 2171 1096 2247 praenominis
1122 2170 1196 2229 Osci
1223 2170 1423 2229 Lucanorum.
1466 2168 1524 2226 Est

217 2278 298 2327 arttm
316 2269 449 2329 eiusdem
471 2272 575 2349 stirpis
590 2290 625 2330 ao
639 2274 834 2349 praenomina
849 2272 931 2331 Osca
946 2272 1039 2331 Puluis
1063 2272 1206 2348 (Monam.
1227 2272 1294 2331 Urit.
1310 2272 1394 2329 Diul.
1411 2283 1430 2328 t.
1447 2270 1522 2342 XII,

219 2370 316 2448 pilo)
334 2384 365 2431 et
385 2372 504 2432 Pooltul
526 2372 561 2448 (l.
583 2394 606 2434 c.
630 2384 650 2432 t.
667 2375 757 2447 VIII,
772 2376 820 2445 16,
839 2377 1036 2451 11178211.
1055 2374 1146 2450 281),
1175 2375 1316 2451 quoniam
1338 2376 1369 2432 in
1391 2367 1523 2450 Ilaufms

224 2464 354 2549 afannas
382 2494 422 2533 ex
442 2474 463 2532 lt
482 2476 514 2533 in
535 2476 627 2535 Pata
653 2487 738 2536 ortus
764 2487 811 2536 est
836 2488 871 2535 ut
889 2475 1065 2535 Latinorum
1088 2497 1127 2553 qu
1148 2478 1178 2534 in
1200 2477 1332 2553 Populus
1355 2494 1394 2533 ex
1417 2492 1522 2533 conso·

224 2574 282 2631 nuti
296 2594 311 2633 c
327 2576 358 2635 in
376 2576 497 2636 Pacius.
540 2576 647 2655 Itaque
666 2575 795 2659 Iloufme
815 2579 964 2656 genitivus
986 2580 1062 2655 sing.
1085 2599 1104 2636 a
1127 2580 1219 2656 stirpe
1240 2573 1339 2656 llaufo
1356 2610 1369 2620 -
1388 2588 1523 2652 repeten-

228 2672 267 2733 tm
280 2686 332 2749 cst,
358 2686 393 2737 nt
411 2678 536 2756 genitivi
557 2681 635 2757 sing.
659 2678 732 2739 Osci
753 2680 979 2757 Priuipuc'iuoels,
1002 2682 1132 2756 lilesrcu'e,
1153 2684 1305 2751 minstreiu,
1327 2679 1520 2750 sulcaralcler's,

230 2780 286 2835 tra
310 2780 358 2839 alii
384 2800 404 2838 a
431 2781 577 2858 stirpibus
604 2782 762 2842 verborum
794 2784 826 2841 in
855 2802 887 2840 o·
906 2783 1038 2841 vocalem
1071 2783 1249 2841 exeuntibus
1283 2782 1409 2859 profecti
1443 2790 1521 2840 sunt.

230 2870 312 2939 bene
329 2886 438 2945 Orno
458 2884 490 2941 in
511 2884 598 2943 titulo
620 2884 764 2943 Mandelli
786 2892 833 2943 est
854 2885 1054 2945 nominativus
1076 2888 1152 2961 sing.
1176 2885 1205 2942 in
1228 2884 1351 2942 eandem
1374 2884 1522 2961 syllabam

230 2974 313 3041 blein
331 2982 430 3045 tiexus
457 2993 490 3043 ut
509 2986 631 3045 nomina
652 2987 777 3065 gentilia
797 2985 989 3046 Lucanorum
1011 2989 1144 3063 Asurr'es,
1167 2988 1312 3055 Marcios,
1335 2986 1431 3060 Soies,
1458 2988 1521 3045 Ma·

229 3084 385 3145 annam
407 3090 558 3156 neumae,
580 3086 802 3165 Campanorum
819 3088 915 3161 Su'liee,
938 3089 1042 3147 illimes
1069 3088 1119 3165 (C.
1143 3089 1177 3146 Z.
1193 3090 1221 3163 f.
1236 3089 1324 3164 ocrpl.
1341 3088 1409 3165 Spu.
1426 3088 1521 3162 XIII,

229 3176 419 3283 mallo
440 3188 515 3267 sm),
550 3197 581 3248 ct
601 3194 688 3252 Onus
715 3209 776 3250 nou
797 3192 922 3249 multum
945 3192 1045 3250 differt
1066 3210 1085 3248 a
1105 3191 1289 3249 nominativo
1316 3192 1521 3266 praenominis

229 3276 328 3361 luunt
346 3288 451 3369 Uppt't's
481 3290 653 3366 (illitterata.
676 3293 759 3352 Bull.
782 3294 861 3352 orcle.
883 3293 963 3369 Nep.
985 3313 1031 3351 nu.
1054 3313 1093 3351 εν.
1123 3294 1155 3365 l',
1183 3304 1238 3352 tao.
1269 3292 1353 3364 VIII,
1375 3295 1400 3365 1,
1419 3312 1452 3368 p.
1471 3294 1519 3353 99.

228 3382 281 3463 m).
306 3388 365 3453 Sed
386 3396 476 3453 Onne
497 3410 552 3452 suo
573 3394 641 3453 loco
662 3394 722 3452 vim
744 3396 834 3454 habet
854 3396 1050 3472 cognominis,
1072 3395 1153 3471 quod
1175 3405 1245 3471 post
1267 3414 1448 3471 praenomen
1469 3415 1521 3472 pa-

228 3484 398 3569 &mettum
421 3505 484 3565 est,
511 3502 544 3553 ut
564 3498 742 3573 cognomina
762 3497 867 3571 Aulcc'l,
894 3498 995 3569 ilIutt'l,
1027 3498 1152 3572 Tofidt'nc
1175 3498 1205 3554 in
1227 3498 1323 3555 titulis
1346 3496 1451 3555 Oscis:
1481 3497 1520 3555 L.

228 3582 304 3653 &llic
322 3594 361 3675 L.
376 3596 484 3667 Aukc'l,
507 3630 545 3641 -
570 3596 607 3657 G.
624 3597 776 3675 Paupiiffit]
803 3598 839 3658 G.
861 3600 965 3667 Mutil,
992 3632 1033 3641 —
1058 3598 1113 3657 Gn.
1131 3597 1224 3658 Stuit's
1246 3599 1308 3656 Mu.
1329 3600 1456 3674 Tufidius
1480 3632 1520 3641 -

225 3684 336 3761 itm.
349 3680 422 3757 'unc
437 3698 522 3757 out.
534 3718 566 3776 p.
584 3698 659 3773 240,
678 3700 708 3761 o.
723 3700 758 3759 z.
774 3703 802 3776 s.
817 3703 905 3777 aaa.
922 3700 992 3778 apr.
1010 3701 1104 3773 mir,
1120 3700 1201 3775 253).
1245 3700 1328 3759 Noa
1341 3720 1361 3758 r
1376 3701 1461 3759 initio
1476 3701 1520 3759 n-

225 3794 363 3873 ruptionis
384 3798 549 3859 Dianensis
575 3803 778 3879 praenominis
805 3814 865 3874 est,
893 3822 970 3879 quae
992 3804 1129 3879 quamvis
1161 3804 1190 3860 iu
1218 3802 1285 3861 aliis
1313 3803 1407 3861 titulis
1430 3802 1520 3861 Oscis

221 3904 260 3955 11
279 3900 455 3979 reperiatur,
485 3912 584 3962 tamem
609 3903 729 3963 videtur
754 3924 815 3964 non
841 3905 961 3963 diversa
984 3905 1079 3964 fuisse
1104 3926 1123 3963 a
1143 3904 1253 3963 Latine
1277 3914 1350 3964 nota
1370 3906 1408 3963 A.
1432 3924 1517 3981 prae·

209 4000 322 4063 'nanis
342 4002 425 4063 Acti.

196 4172 199 4177 ¹
272 4102 376 4182 ltaque
396 4104 633 4167 demonstratum
661 4107 787 4181 videtur,
820 4127 928 4167 nomen
961 4109 1018 4167 viri
1044 4109 1160 4168 Lucani
1193 4110 1290 4186 gentis
1317 4108 1518 4186 Lamponius:

197 4202 235 4261 1.
248 4208 368 4265 Iasum
387 4202 520 4287 Iluufau
541 4212 644 4277 Orare,
669 4209 777 4269 Latine
798 4209 980 4269 reddendum
1002 4228 1083 4269 csse:
1107 4212 1201 4269 Aulus
1223 4212 1402 4287 Lamponius
1426 4211 1521 4287 Puqui

193 4304 268 4367 ttm
288 4306 419 4386 Oppius,
444 4318 475 4369 et
499 4310 558 4370 hoo
577 4330 686 4371 nornen
707 4312 857 4372 continere
880 4313 1044 4372 subiectum
1071 4314 1185 4389 primae
1207 4313 1421 4372 enuntiationis
1442 4314 1520 4371 tituli

193 4404 365 4471 'binensis

180 4570 183 4577 .
269 4512 346 4573 Intle
367 4513 520 4592 colligitur
539 4516 571 4575 in
591 4516 688 4575 tribus
710 4518 810 4576 verbis
833 4537 909 4594 quae
931 4528 1095 4593 sequuntur
1116 4540 1180 4585 πιω,
1202 4540 1261 4576 aar.
1277 4540 1323 4574 εκο
1345 4517 1447 4576 inesse
1468 4518 1519 4575 ob-

180 4612 296 4675 'ioetnnr
317 4616 455 4675 eiusdem
475 4618 698 4677 enuntiationis.
741 4618 857 4677 Horum
880 4619 1018 4677 ultimum
1040 4641 1086 4675 εκο
1109 4621 1139 4677 in
1166 4630 1305 4695 promptu
1334 4627 1380 4677 est
1400 4638 1518 4677 accusa·

180 4716 279 4779 'Ilvam
305 4718 384 4795 sing.
405 4717 541 4779 ciusdem
567 4720 752 4797 pronominis
779 4720 854 4781 Osci
881 4739 963 4793 esse,
991 4722 1074 4779 cuius
1101 4721 1292 4779 accusativus
1321 4722 1398 4797 plur.
1422 4731 1518 4782 neutr.

183 4818 250 4893 ab,
270 4818 425 4880 ablativus
445 4820 524 4899 sing.
538 4820 609 4880 fem.
625 4822 740 4895 ella-d,
763 4822 860 4894 elta-k,
882 4823 1084 4882 nominativus
1106 4825 1181 4899 sing.
1202 4822 1270 4881 fem.
1287 4823 1410 4893 elta-s-lc,
1433 4842 1519 4882 aecu-

181 4920 302 4983 nurus
321 4920 401 4999 plur.
424 4922 494 4981 sem.
516 4922 627 4998 elta-ss,
654 4924 802 4983 locativus
825 4926 902 5003 sing.
919 4943 1009 4982 muse.
1033 4925 1111 4982 elci-lc
1132 4926 1163 4982 in
1185 4925 1255 4983 aliis
1277 4925 1398 5002 linguae
1419 4924 1519 4985 Oscae

180 5026 385 5085 mun-na
408 5024 596 5103 reperiuntur
616 5026 665 5102 (G.
686 5028 810 5103 Ausspr.
832 5026 859 5097 Ι,
877 5026 943 5085 386
962 5046 1004 5102 aq.
1028 5029 1070 5084 ed.
1089 5027 1118 5085 2.
1160 5027 1296 5099 Eodert's,
1324 5030 1465 5086 Ibrmeal.
1489 5029 1518 5085 d.

180 5124 257 5187 0⁸1.
272 5124 348 5205 Spa.
365 5146 403 5205 p.
421 5126 473 5185 68.
520 5126 615 5187 Gloac.
636 5148 668 5205 p.
686 5128 749 5204 29).
793 5128 912 5187 Abiecit
939 5138 1037 5187 antem
1066 5152 1112 5185 εκο
1140 5130 1270 5188 litteram
1292 5149 1318 5186 m
1340 5130 1461 5189 finalem
1486 5140 1520 5189 ut

180 5228 351 5289 mentiri
364 5246 493 5303 mortu,
514 5248 593 5303 nm,
607 5230 727 5303 Suriae,
750 5234 808 5303 vc'a,
822 5228 932 5303 Jtctta,
949 5230 1154 5308 Pumpaiiana,
1171 5235 1257 5291 tr'urrt'
1272 5231 1402 5309 (Brupp.
1417 5232 1518 5291 Luntl.

1252 5332 1313 5391 lll
