<?xml version="1.0" encoding="UTF-8"?>
<!DOCTYPE html PUBLIC "-//W3C//DTD XHTML 1.0 Transitional//EN"
    "http://www.w3.org/TR/xhtml1/DTD/xhtml1-transitional.dtd">
<html xmlns="http://www.w3.org/1999/xhtml" xml:lang="en" lang="en">
 <head>
  <title>
</title>
<meta http-equiv="Content-Type" content="text/html;charset=utf-8" />
  <meta name='ocr-system' content='tesseract 3.04.00' />
  <meta name='ocr-capabilities' content='ocr_page ocr_carea ocr_par ocr_line ocrx_word'/>
</head>
<body>
  <div class='ocr_page' id='page_1' title='image "./ephemerisepigra03instgoog/ephemerisepigra03instgoog_0109.png"; bbox 0 0 3458 6292; ppageno 0'>
   <div class='ocr_carea' id='block_1_1' title="bbox 208 499 922 570">
    <p class='ocr_par' dir='ltr' id='par_1_1' title="bbox 208 499 922 570">
     <span class='ocr_line' id='line_1_1' title="bbox 208 499 922 570; baseline 0.003 -4"><span class='ocrx_word' id='word_1_1' title='bbox 208 499 254 567; x_wconf 86' lang='grc'>98</span> <span class='ocrx_word' id='word_1_2' title='bbox 818 519 922 570; x_wconf 77' lang='lat' dir='ltr'>noser</span> 
     </span>
    </p>
   </div>
   <div class='ocr_carea' id='block_1_2' title="bbox 210 621 1242 628">
    <p class='ocr_par' dir='ltr' id='par_1_2' title="bbox 210 621 1242 628">
     <span class='ocr_line' id='line_1_2' title="bbox 210 621 1242 628; baseline 0 0"><span class='ocrx_word' id='word_1_3' title='bbox 210 622 486 628; x_wconf 74' lang='lat'>-—.—-.—-—..-—-..</span> <span class='ocrx_word' id='word_1_4' title='bbox 738 622 861 628; x_wconf 74' lang='lat'>———</span> <span class='ocrx_word' id='word_1_5' title='bbox 899 621 1242 628; x_wconf 72' lang='lat'><em>——-----—--—-</em></span> 
     </span>
    </p>
   </div>
   <div class='ocr_carea' id='block_1_3' title="bbox 182 691 1544 4760">
    <p class='ocr_par' dir='ltr' id='par_1_3' title="bbox 199 691 1537 2611">
     <span class='ocr_line' id='line_1_3' title="bbox 288 691 1535 769; baseline 0.002 -21"><span class='ocrx_word' id='word_1_6' title='bbox 288 692 323 750; x_wconf 88' lang='lat' dir='ltr'>V.</span> <span class='ocrx_word' id='word_1_7' title='bbox 342 693 472 750; x_wconf 89' lang='lat'>11-13.</span> <span class='ocrx_word' id='word_1_8' title='bbox 516 691 659 762; x_wconf 77' lang='lat' dir='ltr'>LatinaS,</span> <span class='ocrx_word' id='word_1_9' title='bbox 688 701 759 767; x_wconf 90' lang='lat' dir='ltr'>post</span> <span class='ocrx_word' id='word_1_10' title='bbox 779 693 906 769; x_wconf 89' lang='lat' dir='ltr'>primam</span> <span class='ocrx_word' id='word_1_11' title='bbox 931 711 1032 749; x_wconf 89' lang='lat' dir='ltr'>earum</span> <span class='ocrx_word' id='word_1_12' title='bbox 1055 694 1284 751; x_wconf 76' lang='lat' dir='ltr'>celebrationem</span> <span class='ocrx_word' id='word_1_13' title='bbox 1306 692 1370 750; x_wconf 96' lang='lat' dir='ltr'>llll</span> <span class='ocrx_word' id='word_1_14' title='bbox 1393 694 1451 750; x_wconf 88' lang='lat' dir='ltr'>eid.</span> <span class='ocrx_word' id='word_1_15' title='bbox 1469 693 1535 750; x_wconf 85' lang='lat' dir='ltr'>Ian.</span> 
     </span>
     <span class='ocr_line' id='line_1_4' title="bbox 204 794 1536 871; baseline -0.001 -20"><span class='ocrx_word' id='word_1_16' title='bbox 204 795 311 851; x_wconf 91' lang='lat' dir='ltr'>iterum</span> <span class='ocrx_word' id='word_1_17' title='bbox 327 795 374 852; x_wconf 92' lang='lat' dir='ltr'>lIl</span> <span class='ocrx_word' id='word_1_18' title='bbox 390 812 458 852; x_wconf 91' lang='lat' dir='ltr'>non.</span> <span class='ocrx_word' id='word_1_19' title='bbox 475 794 576 865; x_wconf 76' lang='lat' dir='ltr'>Febr,</span> <span class='ocrx_word' id='word_1_20' title='bbox 598 796 687 852; x_wconf 87' lang='lat' dir='ltr'>tertio</span> <span class='ocrx_word' id='word_1_21' title='bbox 711 795 772 852; x_wconf 87' lang='lat' dir='ltr'>kal.</span> <span class='ocrx_word' id='word_1_22' title='bbox 789 795 859 852; x_wconf 86' lang='lat' dir='ltr'>Mai.</span> <span class='ocrx_word' id='word_1_23' title='bbox 881 794 950 868; x_wconf 88' lang='lat' dir='ltr'>(sic,</span> <span class='ocrx_word' id='word_1_24' title='bbox 973 814 1033 852; x_wconf 89' lang='lat' dir='ltr'>non</span> <span class='ocrx_word' id='word_1_25' title='bbox 1055 810 1136 863; x_wconf 81' lang='lat' dir='ltr'>nnis,</span> <span class='ocrx_word' id='word_1_26' title='bbox 1159 795 1188 851; x_wconf 92' lang='lat' dir='ltr'>in</span> <span class='ocrx_word' id='word_1_27' title='bbox 1211 795 1257 851; x_wconf 86' lang='lat' dir='ltr'>lris</span> <span class='ocrx_word' id='word_1_28' title='bbox 1280 795 1367 852; x_wconf 89' lang='lat' dir='ltr'>fastis</span> <span class='ocrx_word' id='word_1_29' title='bbox 1390 807 1536 871; x_wconf 90' lang='lat' dir='ltr'>perpetuo</span> 
     </span>
     <span class='ocr_line' id='line_1_5' title="bbox 204 894 1537 973; baseline 0.001 -20"><span class='ocrx_word' id='word_1_30' title='bbox 204 898 367 973; x_wconf 84' lang='lat' dir='ltr'>scriptum)</span> <span class='ocrx_word' id='word_1_31' title='bbox 395 897 452 953; x_wconf 91' lang='lat' dir='ltr'>hoc</span> <span class='ocrx_word' id='word_1_32' title='bbox 478 915 556 954; x_wconf 90' lang='lat' dir='ltr'>anno</span> <span class='ocrx_word' id='word_1_33' title='bbox 583 897 769 955; x_wconf 87' lang='lat' dir='ltr'>instauratas</span> <span class='ocrx_word' id='word_1_34' title='bbox 792 895 928 954; x_wconf 79' lang='lat' dir='ltr'>versibus</span> <span class='ocrx_word' id='word_1_35' title='bbox 954 894 1000 968; x_wconf 80' lang='lat'>12,</span> <span class='ocrx_word' id='word_1_36' title='bbox 1027 897 1063 954; x_wconf 88' lang='lat'>13</span> <span class='ocrx_word' id='word_1_37' title='bbox 1091 897 1238 973; x_wconf 81' lang='lat' dir='ltr'>sagaciter</span> <span class='ocrx_word' id='word_1_38' title='bbox 1265 897 1411 973; x_wconf 79' lang='lat' dir='ltr'>suppletis</span> <span class='ocrx_word' id='word_1_39' title='bbox 1434 897 1537 954; x_wconf 88' lang='lat' dir='ltr'>docuit</span> 
     </span>
     <span class='ocr_line' id='line_1_6' title="bbox 203 997 1535 1076; baseline 0.001 -21"><span class='ocrx_word' id='word_1_40' title='bbox 203 997 372 1057; x_wconf 88' lang='lat' dir='ltr'>Henzeuus.</span> <span class='ocrx_word' id='word_1_41' title='bbox 418 997 507 1072; x_wconf 80' lang='lat' dir='ltr'>Quod</span> <span class='ocrx_word' id='word_1_42' title='bbox 530 1018 599 1057; x_wconf 81' lang='lat' dir='ltr'>vero</span> <span class='ocrx_word' id='word_1_43' title='bbox 623 1018 723 1057; x_wconf 88' lang='lat' dir='ltr'>mense</span> <span class='ocrx_word' id='word_1_44' title='bbox 746 999 884 1056; x_wconf 89' lang='lat' dir='ltr'>Ianuario</span> <span class='ocrx_word' id='word_1_45' title='bbox 907 999 1053 1076; x_wconf 83' lang='lat' dir='ltr'>singulari</span> <span class='ocrx_word' id='word_1_46' title='bbox 1076 999 1214 1074; x_wconf 85' lang='lat' dir='ltr'>exemplo</span> <span class='ocrx_word' id='word_1_47' title='bbox 1236 999 1347 1056; x_wconf 87' lang='lat' dir='ltr'>latinae</span> <span class='ocrx_word' id='word_1_48' title='bbox 1376 999 1433 1056; x_wconf 88' lang='lat' dir='ltr'>hoc</span> <span class='ocrx_word' id='word_1_49' title='bbox 1455 1019 1535 1057; x_wconf 90' lang='lat' dir='ltr'>anuo</span> 
     </span>
     <span class='ocr_line' id='line_1_7' title="bbox 203 1101 1535 1178; baseline -0.001 -19"><span class='ocrx_word' id='word_1_50' title='bbox 203 1102 263 1159; x_wconf 90' lang='lat' dir='ltr'>sint</span> <span class='ocrx_word' id='word_1_51' title='bbox 285 1102 467 1172; x_wconf 81' lang='lat' dir='ltr'>celebratae,</span> <span class='ocrx_word' id='word_1_52' title='bbox 495 1102 526 1158; x_wconf 89' lang='lat' dir='ltr'>id</span> <span class='ocrx_word' id='word_1_53' title='bbox 549 1121 565 1158; x_wconf 92' lang='lat' dir='ltr'>e</span> <span class='ocrx_word' id='word_1_54' title='bbox 587 1118 777 1159; x_wconf 91' lang='lat' dir='ltr'>romanorum</span> <span class='ocrx_word' id='word_1_55' title='bbox 800 1101 1027 1178; x_wconf 82' lang='lat' dir='ltr'>magistratuum</span> <span class='ocrx_word' id='word_1_56' title='bbox 1056 1101 1181 1158; x_wconf 86' lang='lat' dir='ltr'>historia</span> <span class='ocrx_word' id='word_1_57' title='bbox 1206 1101 1325 1176; x_wconf 92' lang='lat' dir='ltr'>plenam</span> <span class='ocrx_word' id='word_1_58' title='bbox 1353 1101 1462 1178; x_wconf 88' lang='lat' dir='ltr'>accipit</span> <span class='ocrx_word' id='word_1_59' title='bbox 1488 1101 1535 1159; x_wconf 92' lang='lat' dir='ltr'>lu·</span> 
     </span>
     <span class='ocr_line' id='line_1_8' title="bbox 203 1202 1535 1279; baseline 0 -17"><span class='ocrx_word' id='word_1_60' title='bbox 203 1223 276 1262; x_wconf 85' lang='lat' dir='ltr'>cem.</span> <span class='ocrx_word' id='word_1_61' title='bbox 309 1204 512 1262; x_wconf 89' lang='lat' dir='ltr'>Decemvirali</span> <span class='ocrx_word' id='word_1_62' title='bbox 535 1204 612 1261; x_wconf 88' lang='lat' dir='ltr'>enirn</span> <span class='ocrx_word' id='word_1_63' title='bbox 636 1202 761 1279; x_wconf 89' lang='lat' dir='ltr'>irnperio</span> <span class='ocrx_word' id='word_1_64' title='bbox 784 1203 939 1279; x_wconf 86' lang='lat' dir='ltr'>abrogato,</span> <span class='ocrx_word' id='word_1_65' title='bbox 960 1202 1111 1260; x_wconf 89' lang='lat' dir='ltr'>consulari</span> <span class='ocrx_word' id='word_1_66' title='bbox 1132 1203 1282 1273; x_wconf 86' lang='lat' dir='ltr'>restituto,</span> <span class='ocrx_word' id='word_1_67' title='bbox 1304 1203 1375 1260; x_wconf 91' lang='lat' dir='ltr'>novi</span> <span class='ocrx_word' id='word_1_68' title='bbox 1393 1205 1535 1262; x_wconf 89' lang='lat' dir='ltr'>eonsules</span> 
     </span>
     <span class='ocr_line' id='line_1_9' title="bbox 201 1304 1534 1382; baseline -0.002 -18"><span class='ocrx_word' id='word_1_69' title='bbox 201 1306 363 1366; x_wconf 85' lang='lat' dir='ltr'>Decembri</span> <span class='ocrx_word' id='word_1_70' title='bbox 385 1325 488 1364; x_wconf 90' lang='lat' dir='ltr'>mense</span> <span class='ocrx_word' id='word_1_71' title='bbox 503 1317 591 1364; x_wconf 85' lang='lat' dir='ltr'>extra</span> <span class='ocrx_word' id='word_1_72' title='bbox 613 1304 745 1362; x_wconf 88' lang='lat' dir='ltr'>ordinem</span> <span class='ocrx_word' id='word_1_73' title='bbox 763 1314 833 1363; x_wconf 89' lang='lat' dir='ltr'>sunt</span> <span class='ocrx_word' id='word_1_74' title='bbox 847 1305 940 1362; x_wconf 89' lang='lat' dir='ltr'>creati</span> <span class='ocrx_word' id='word_1_75' title='bbox 962 1305 1154 1379; x_wconf 86' lang='lat' dir='ltr'>(Mommsen,</span> <span class='ocrx_word' id='word_1_76' title='bbox 1176 1304 1295 1362; x_wconf 78' lang='lat' dir='ltr'>Hennes</span> <span class='ocrx_word' id='word_1_77' title='bbox 1317 1305 1335 1362; x_wconf 92' lang='lat' dir='ltr'>l.</span> <span class='ocrx_word' id='word_1_78' title='bbox 1352 1324 1378 1363; x_wconf 91' lang='lat' dir='ltr'>c.</span> <span class='ocrx_word' id='word_1_79' title='bbox 1395 1325 1425 1382; x_wconf 90' lang='lat' dir='ltr'>p.</span> <span class='ocrx_word' id='word_1_80' title='bbox 1443 1306 1534 1382; x_wconf 80' lang='lat'>381):</span> 
     </span>
     <span class='ocr_line' id='line_1_10' title="bbox 201 1406 1534 1485; baseline 0.002 -20"><span class='ocrx_word' id='word_1_81' title='bbox 201 1409 312 1484; x_wconf 89' lang='lat' dir='ltr'>iisque,</span> <span class='ocrx_word' id='word_1_82' title='bbox 340 1409 398 1467; x_wconf 89' lang='lat' dir='ltr'>nisi</span> <span class='ocrx_word' id='word_1_83' title='bbox 426 1408 528 1466; x_wconf 90' lang='lat' dir='ltr'>latinis</span> <span class='ocrx_word' id='word_1_84' title='bbox 554 1408 699 1485; x_wconf 88' lang='lat' dir='ltr'>peractis,</span> <span class='ocrx_word' id='word_1_85' title='bbox 728 1407 760 1465; x_wconf 88' lang='lat' dir='ltr'>in</span> <span class='ocrx_word' id='word_1_86' title='bbox 781 1407 953 1484; x_wconf 85' lang='lat' dir='ltr'>ingruentes</span> <span class='ocrx_word' id='word_1_87' title='bbox 979 1406 1083 1465; x_wconf 89' lang='lat' dir='ltr'>hostes</span> <span class='ocrx_word' id='word_1_88' title='bbox 1111 1407 1262 1485; x_wconf 86' lang='lat' dir='ltr'>proticisci</span> <span class='ocrx_word' id='word_1_89' title='bbox 1289 1407 1410 1465; x_wconf 89' lang='lat' dir='ltr'>minime</span> <span class='ocrx_word' id='word_1_90' title='bbox 1438 1409 1534 1467; x_wconf 73' lang='lat' dir='ltr'>licuit.</span> 
     </span>
     <span class='ocr_line' id='line_1_11' title="bbox 202 1508 1536 1587; baseline 0 -19"><span class='ocrx_word' id='word_1_91' title='bbox 202 1508 265 1568; x_wconf 82' lang='lat' dir='ltr'>(lur</span> <span class='ocrx_word' id='word_1_92' title='bbox 292 1512 399 1568; x_wconf 90' lang='lat' dir='ltr'>iterum</span> <span class='ocrx_word' id='word_1_93' title='bbox 427 1521 456 1568; x_wconf 88' lang='lat' dir='ltr'>et</span> <span class='ocrx_word' id='word_1_94' title='bbox 482 1512 570 1568; x_wconf 88' lang='lat' dir='ltr'>tertio</span> <span class='ocrx_word' id='word_1_95' title='bbox 596 1511 781 1568; x_wconf 83' lang='lat' dir='ltr'>instauratae</span> <span class='ocrx_word' id='word_1_96' title='bbox 807 1508 900 1567; x_wconf 85' lang='lat' dir='ltr'>feriae</span> <span class='ocrx_word' id='word_1_97' title='bbox 927 1509 1001 1578; x_wconf 89' lang='lat' dir='ltr'>sint,</span> <span class='ocrx_word' id='word_1_98' title='bbox 1029 1516 1128 1567; x_wconf 89' lang='lat' dir='ltr'>utrum</span> <span class='ocrx_word' id='word_1_99' title='bbox 1155 1508 1235 1583; x_wconf 91' lang='lat' dir='ltr'>quod</span> <span class='ocrx_word' id='word_1_100' title='bbox 1262 1509 1375 1585; x_wconf 83' lang='lat' dir='ltr'>primae</span> <span class='ocrx_word' id='word_1_101' title='bbox 1402 1510 1536 1587; x_wconf 90' lang='lat' dir='ltr'>itemque</span> 
     </span>
     <span class='ocr_line' id='line_1_12' title="bbox 201 1611 1535 1698; baseline 0 -29"><span class='ocrx_word' id='word_1_102' title='bbox 201 1613 313 1672; x_wconf 87' lang='lat' dir='ltr'>alterae</span> <span class='ocrx_word' id='word_1_103' title='bbox 340 1613 467 1671; x_wconf 85' lang='lat' dir='ltr'>vitiosae</span> <span class='ocrx_word' id='word_1_104' title='bbox 495 1613 624 1671; x_wconf 84' lang='lat' dir='ltr'>fuissent</span> <span class='ocrx_word' id='word_1_105' title='bbox 655 1631 693 1698; x_wconf 81' lang='lat' dir='ltr'>an</span> <span class='ocrx_word' id='word_1_106' title='bbox 720 1612 758 1670; x_wconf 97' lang='lat' dir='ltr'>ob</span> <span class='ocrx_word' id='word_1_107' title='bbox 788 1628 952 1687; x_wconf 88' lang='lat' dir='ltr'>prosperos</span> <span class='ocrx_word' id='word_1_108' title='bbox 979 1628 1138 1670; x_wconf 84' lang='lat' dir='ltr'>successus</span> <span class='ocrx_word' id='word_1_109' title='bbox 1170 1611 1306 1686; x_wconf 86' lang='lat' dir='ltr'>publicae</span> <span class='ocrx_word' id='word_1_110' title='bbox 1338 1613 1535 1688; x_wconf 87' lang='lat' dir='ltr'>supplicatio-</span> 
     </span>
     <span class='ocr_line' id='line_1_13' title="bbox 201 1712 1535 1792; baseline 0.001 -20"><span class='ocrx_word' id='word_1_111' title='bbox 201 1714 248 1772; x_wconf 90' lang='lat' dir='ltr'>nis</span> <span class='ocrx_word' id='word_1_112' title='bbox 270 1715 375 1791; x_wconf 85' lang='lat' dir='ltr'>gratia,</span> <span class='ocrx_word' id='word_1_113' title='bbox 399 1735 436 1773; x_wconf 92' lang='lat' dir='ltr'>ne</span> <span class='ocrx_word' id='word_1_114' title='bbox 451 1714 517 1792; x_wconf 89' lang='lat' dir='ltr'>ipse</span> <span class='ocrx_word' id='word_1_115' title='bbox 531 1713 652 1790; x_wconf 89' lang='lat' dir='ltr'>quidem</span> <span class='ocrx_word' id='word_1_116' title='bbox 666 1713 871 1772; x_wconf 89' lang='lat' dir='ltr'>Mommsenns</span> <span class='ocrx_word' id='word_1_117' title='bbox 893 1712 992 1790; x_wconf 88' lang='lat' dir='ltr'>potnit</span> <span class='ocrx_word' id='word_1_118' title='bbox 1007 1712 1129 1771; x_wconf 83' lang='lat' dir='ltr'>definire</span> <span class='ocrx_word' id='word_1_119' title='bbox 1151 1713 1186 1787; x_wconf 93' lang='lat' dir='ltr'>(l.</span> <span class='ocrx_word' id='word_1_120' title='bbox 1202 1730 1227 1770; x_wconf 89' lang='lat' dir='ltr'>c.</span> <span class='ocrx_word' id='word_1_121' title='bbox 1250 1734 1279 1791; x_wconf 89' lang='lat' dir='ltr'>p.</span> <span class='ocrx_word' id='word_1_122' title='bbox 1293 1713 1379 1789; x_wconf 87' lang='grc'><strong>384).</strong></span> <span class='ocrx_word' id='word_1_123' title='bbox 1412 1714 1535 1774; x_wconf 86' lang='lat' dir='ltr'>Trium-</span> 
     </span>
     <span class='ocr_line' id='line_1_14' title="bbox 200 1811 1535 1892; baseline 0.001 -19"><span class='ocrx_word' id='word_1_124' title='bbox 200 1817 328 1892; x_wconf 88' lang='lat' dir='ltr'>phorum</span> <span class='ocrx_word' id='word_1_125' title='bbox 350 1827 429 1875; x_wconf 89' lang='lat' dir='ltr'>certe</span> <span class='ocrx_word' id='word_1_126' title='bbox 451 1835 544 1875; x_wconf 90' lang='lat' dir='ltr'>causa</span> <span class='ocrx_word' id='word_1_127' title='bbox 564 1815 701 1874; x_wconf 83' lang='lat' dir='ltr'>decretae</span> <span class='ocrx_word' id='word_1_128' title='bbox 729 1816 800 1873; x_wconf 88' lang='lat' dir='ltr'>illae</span> <span class='ocrx_word' id='word_1_129' title='bbox 825 1834 884 1873; x_wconf 93' lang='lat' dir='ltr'>non</span> <span class='ocrx_word' id='word_1_130' title='bbox 907 1824 991 1886; x_wconf 82' lang='lat' dir='ltr'>sunt3</span> <span class='ocrx_word' id='word_1_131' title='bbox 1018 1812 1118 1873; x_wconf 88' lang='lat' dir='ltr'>idibus</span> <span class='ocrx_word' id='word_1_132' title='bbox 1139 1814 1216 1873; x_wconf 87' lang='lat' dir='ltr'>enim</span> <span class='ocrx_word' id='word_1_133' title='bbox 1240 1811 1406 1875; x_wconf 82' lang='lat' dir='ltr'>Sextilibus</span> <span class='ocrx_word' id='word_1_134' title='bbox 1427 1825 1459 1875; x_wconf 89' lang='lat' dir='ltr'>et</span> <span class='ocrx_word' id='word_1_135' title='bbox 1473 1817 1535 1875; x_wconf 87' lang='lat' dir='ltr'>v11</span> 
     </span>
     <span class='ocr_line' id='line_1_15' title="bbox 200 1917 1537 1994; baseline 0.002 -18"><span class='ocrx_word' id='word_1_136' title='bbox 200 1919 259 1976; x_wconf 84' lang='lat' dir='ltr'>lral.</span> <span class='ocrx_word' id='word_1_137' title='bbox 277 1917 358 1994; x_wconf 87' lang='lat' dir='ltr'>Sept.</span> <span class='ocrx_word' id='word_1_138' title='bbox 381 1919 469 1977; x_wconf 88' lang='lat' dir='ltr'>huius</span> <span class='ocrx_word' id='word_1_139' title='bbox 492 1919 562 1976; x_wconf 90' lang='lat' dir='ltr'>anni</span> <span class='ocrx_word' id='word_1_140' title='bbox 587 1918 753 1993; x_wconf 88' lang='lat' dir='ltr'>triumphos</span> <span class='ocrx_word' id='word_1_141' title='bbox 779 1917 932 1992; x_wconf 91' lang='lat' dir='ltr'>capitolini</span> <span class='ocrx_word' id='word_1_142' title='bbox 960 1917 1077 1994; x_wconf 89' lang='lat' dir='ltr'>lapides</span> <span class='ocrx_word' id='word_1_143' title='bbox 1103 1917 1273 1994; x_wconf 84' lang='lat' dir='ltr'>adsignant.</span> <span class='ocrx_word' id='word_1_144' title='bbox 1316 1917 1477 1977; x_wconf 88' lang='lat' dir='ltr'>Oderieius</span> <span class='ocrx_word' id='word_1_145' title='bbox 1505 1935 1537 1979; x_wconf 87' lang='lat' dir='ltr'>et</span> 
     </span>
     <span class='ocr_line' id='line_1_16' title="bbox 199 2019 1536 2098; baseline 0.001 -20"><span class='ocrx_word' id='word_1_146' title='bbox 199 2021 345 2080; x_wconf 88' lang='lat' dir='ltr'>Marinius</span> <span class='ocrx_word' id='word_1_147' title='bbox 368 2021 555 2092; x_wconf 86' lang='lat' dir='ltr'>dubitarunt,</span> <span class='ocrx_word' id='word_1_148' title='bbox 581 2039 652 2077; x_wconf 91' lang='lat' dir='ltr'>num</span> <span class='ocrx_word' id='word_1_149' title='bbox 673 2020 720 2077; x_wconf 88' lang='lat' dir='ltr'>his</span> <span class='ocrx_word' id='word_1_150' title='bbox 741 2019 829 2078; x_wconf 83' lang='lat' dir='ltr'>fastis</span> <span class='ocrx_word' id='word_1_151' title='bbox 850 2019 943 2078; x_wconf 84' lang='lat' dir='ltr'>feriae</span> <span class='ocrx_word' id='word_1_152' title='bbox 964 2027 1080 2079; x_wconf 86' lang='lat' dir='ltr'>tantum</span> <span class='ocrx_word' id='word_1_153' title='bbox 1101 2020 1372 2095; x_wconf 85' lang='lat' dir='ltr'>extraordinariae,</span> <span class='ocrx_word' id='word_1_154' title='bbox 1397 2040 1536 2098; x_wconf 89' lang='lat' dir='ltr'>praeser-</span> 
     </span>
     <span class='ocr_line' id='line_1_17' title="bbox 200 2121 1536 2203; baseline 0.001 -23"><span class='ocrx_word' id='word_1_155' title='bbox 200 2124 252 2181; x_wconf 89' lang='lat' dir='ltr'>tim</span> <span class='ocrx_word' id='word_1_156' title='bbox 276 2124 482 2200; x_wconf 85' lang='lat' dir='ltr'>triumphales,</span> <span class='ocrx_word' id='word_1_157' title='bbox 504 2141 563 2181; x_wconf 90' lang='lat' dir='ltr'>non</span> <span class='ocrx_word' id='word_1_158' title='bbox 579 2142 651 2180; x_wconf 80' lang='lat' dir='ltr'>vero</span> <span class='ocrx_word' id='word_1_159' title='bbox 669 2121 805 2191; x_wconf 88' lang='lat' dir='ltr'>annales,</span> <span class='ocrx_word' id='word_1_160' title='bbox 826 2121 937 2179; x_wconf 86' lang='lat' dir='ltr'>fuerint</span> <span class='ocrx_word' id='word_1_161' title='bbox 957 2122 1129 2197; x_wconf 86' lang='lat' dir='ltr'>inscriptae.</span> <span class='ocrx_word' id='word_1_162' title='bbox 1163 2121 1260 2181; x_wconf 87' lang='lat' dir='ltr'>Novis</span> <span class='ocrx_word' id='word_1_163' title='bbox 1283 2142 1361 2181; x_wconf 90' lang='lat' dir='ltr'>nune</span> <span class='ocrx_word' id='word_1_164' title='bbox 1383 2124 1536 2203; x_wconf 77' lang='lat' dir='ltr'>fragmen·</span> 
     </span>
     <span class='ocr_line' id='line_1_18' title="bbox 200 2223 1536 2302; baseline 0.002 -20"><span class='ocrx_word' id='word_1_165' title='bbox 200 2225 239 2283; x_wconf 88' lang='lat' dir='ltr'>tis</span> <span class='ocrx_word' id='word_1_166' title='bbox 261 2227 388 2302; x_wconf 88' lang='lat' dir='ltr'>repertis</span> <span class='ocrx_word' id='word_1_167' title='bbox 411 2244 471 2283; x_wconf 91' lang='lat' dir='ltr'>non</span> <span class='ocrx_word' id='word_1_168' title='bbox 494 2224 583 2283; x_wconf 91' lang='lat' dir='ltr'>modo</span> <span class='ocrx_word' id='word_1_169' title='bbox 605 2245 641 2283; x_wconf 90' lang='lat' dir='ltr'>ea</span> <span class='ocrx_word' id='word_1_170' title='bbox 662 2224 807 2281; x_wconf 89' lang='lat' dir='ltr'>dubitatio</span> <span class='ocrx_word' id='word_1_171' title='bbox 829 2233 876 2282; x_wconf 90' lang='lat' dir='ltr'>est</span> <span class='ocrx_word' id='word_1_172' title='bbox 896 2231 961 2282; x_wconf 89' lang='lat' dir='ltr'>tota</span> <span class='ocrx_word' id='word_1_173' title='bbox 982 2224 1110 2295; x_wconf 86' lang='lat' dir='ltr'>sublata,</span> <span class='ocrx_word' id='word_1_174' title='bbox 1137 2223 1191 2282; x_wconf 87' lang='lat' dir='ltr'>sed</span> <span class='ocrx_word' id='word_1_175' title='bbox 1212 2235 1368 2301; x_wconf 89' lang='lat' dir='ltr'>praeterea</span> <span class='ocrx_word' id='word_1_176' title='bbox 1388 2225 1536 2285; x_wconf 85' lang='lat' dir='ltr'>discimus</span> 
     </span>
     <span class='ocr_line' id='line_1_19' title="bbox 202 2326 1537 2406; baseline 0.002 -21"><span class='ocrx_word' id='word_1_177' title='bbox 202 2329 369 2387; x_wconf 89' lang='lat' dir='ltr'>ordinarias</span> <span class='ocrx_word' id='word_1_178' title='bbox 397 2329 509 2406; x_wconf 88' lang='lat' dir='ltr'>pariter</span> <span class='ocrx_word' id='word_1_179' title='bbox 536 2337 566 2385; x_wconf 91' lang='lat' dir='ltr'>et</span> <span class='ocrx_word' id='word_1_180' title='bbox 587 2326 841 2385; x_wconf 86' lang='lat' dir='ltr'>extraordinarias</span> <span class='ocrx_word' id='word_1_181' title='bbox 867 2326 960 2385; x_wconf 86' lang='lat' dir='ltr'>ferias</span> <span class='ocrx_word' id='word_1_182' title='bbox 985 2327 1015 2384; x_wconf 91' lang='lat' dir='ltr'>in</span> <span class='ocrx_word' id='word_1_183' title='bbox 1037 2326 1092 2384; x_wconf 87' lang='lat' dir='ltr'>has</span> <span class='ocrx_word' id='word_1_184' title='bbox 1115 2326 1234 2385; x_wconf 89' lang='lat' dir='ltr'>tabulas</span> <span class='ocrx_word' id='word_1_185' title='bbox 1256 2328 1366 2386; x_wconf 86' lang='lat' dir='ltr'>relatas</span> <span class='ocrx_word' id='word_1_186' title='bbox 1388 2347 1457 2388; x_wconf 86' lang='lat' dir='ltr'>esse</span> <span class='ocrx_word' id='word_1_187' title='bbox 1481 2330 1537 2404; x_wconf 85' lang='lat' dir='ltr'>(cf.</span> 
     </span>
     <span class='ocr_line' id='line_1_20' title="bbox 199 2426 1536 2509; baseline 0.001 -20"><span class='ocrx_word' id='word_1_188' title='bbox 199 2432 367 2491; x_wconf 86' lang='lat' dir='ltr'>Mommsen</span> <span class='ocrx_word' id='word_1_189' title='bbox 396 2431 422 2489; x_wconf 92' lang='grc'>1.·</span> <span class='ocrx_word' id='word_1_190' title='bbox 439 2449 464 2489; x_wconf 89' lang='grc'>1.</span> <span class='ocrx_word' id='word_1_191' title='bbox 487 2451 516 2506; x_wconf 94' lang='lat' dir='ltr'>p.</span> <span class='ocrx_word' id='word_1_192' title='bbox 534 2426 612 2509; x_wconf 83' lang='grc'><strong>383)</strong></span> <span class='ocrx_word' id='word_1_193' title='bbox 641 2446 801 2504; x_wconf 87' lang='lat' dir='ltr'>earumque</span> <span class='ocrx_word' id='word_1_194' title='bbox 828 2429 1002 2486; x_wconf 89' lang='lat' dir='ltr'>memoriam</span> <span class='ocrx_word' id='word_1_195' title='bbox 1032 2447 1052 2485; x_wconf 90' lang='lat' dir='ltr'>a</span> <span class='ocrx_word' id='word_1_196' title='bbox 1077 2428 1267 2487; x_wconf 83' lang='lat' dir='ltr'>decemvirali</span> <span class='ocrx_word' id='word_1_197' title='bbox 1301 2430 1406 2489; x_wconf 84' lang='lat' dir='ltr'>saltem</span> <span class='ocrx_word' id='word_1_198' title='bbox 1433 2439 1536 2490; x_wconf 87' lang='lat' dir='ltr'>aetate</span> 
     </span>
     <span class='ocr_line' id='line_1_21' title="bbox 199 2531 980 2611; baseline -0.003 -21"><span class='ocrx_word' id='word_1_199' title='bbox 199 2533 230 2591; x_wconf 89' lang='lat' dir='ltr'>in</span> <span class='ocrx_word' id='word_1_200' title='bbox 252 2535 424 2611; x_wconf 87' lang='lat' dir='ltr'>pontificum</span> <span class='ocrx_word' id='word_1_201' title='bbox 446 2532 531 2591; x_wconf 88' lang='lat' dir='ltr'>libris</span> <span class='ocrx_word' id='word_1_202' title='bbox 553 2531 710 2609; x_wconf 87' lang='lat' dir='ltr'>diligenter</span> <span class='ocrx_word' id='word_1_203' title='bbox 729 2548 799 2589; x_wconf 90' lang='lat' dir='ltr'>esse</span> <span class='ocrx_word' id='word_1_204' title='bbox 820 2540 980 2589; x_wconf 84' lang='lat' dir='ltr'>servatam.</span> 
     </span>
    </p>

    <p class='ocr_par' dir='ltr' id='par_1_4' title="bbox 194 2632 1537 3737">
     <span class='ocr_line' id='line_1_22' title="bbox 283 2632 1536 2711; baseline -0.002 -16"><span class='ocrx_word' id='word_1_205' title='bbox 283 2633 432 2696; x_wconf 82' lang='lat' dir='ltr'>Columna</span> <span class='ocrx_word' id='word_1_206' title='bbox 453 2634 486 2692; x_wconf 92' lang='lat' dir='ltr'>II</span> <span class='ocrx_word' id='word_1_207' title='bbox 514 2653 541 2690; x_wconf 81' lang='lat' dir='ltr'>r.</span> <span class='ocrx_word' id='word_1_208' title='bbox 565 2634 662 2691; x_wconf 82' lang='lat'>4-7.</span> <span class='ocrx_word' id='word_1_209' title='bbox 705 2632 839 2691; x_wconf 87' lang='lat' dir='ltr'>Alterius</span> <span class='ocrx_word' id='word_1_210' title='bbox 867 2632 1022 2690; x_wconf 90' lang='lat' dir='ltr'>columnae</span> <span class='ocrx_word' id='word_1_211' title='bbox 1049 2633 1102 2691; x_wconf 84' lang='lat' dir='ltr'>vix</span> <span class='ocrx_word' id='word_1_212' title='bbox 1129 2644 1291 2711; x_wconf 86' lang='lat' dir='ltr'>supersunt</span> <span class='ocrx_word' id='word_1_213' title='bbox 1322 2635 1442 2694; x_wconf 85' lang='lat' dir='ltr'>litterae</span> <span class='ocrx_word' id='word_1_214' title='bbox 1469 2652 1536 2694; x_wconf 73' lang='lat' dir='ltr'>tnt-</span> 
     </span>
     <span class='ocr_line' id='line_1_23' title="bbox 200 2734 1537 2816; baseline -0.001 -20"><span class='ocrx_word' id='word_1_215' title='bbox 200 2755 252 2797; x_wconf 83' lang='lat' dir='ltr'>ev.</span> <span class='ocrx_word' id='word_1_216' title='bbox 265 2781 293 2796; x_wconf 93' lang='lat'>..</span> <span class='ocrx_word' id='word_1_217' title='bbox 317 2739 359 2796; x_wconf 89' lang='lat' dir='ltr'>ita</span> <span class='ocrx_word' id='word_1_218' title='bbox 380 2748 426 2796; x_wconf 90' lang='lat' dir='ltr'>ter</span> <span class='ocrx_word' id='word_1_219' title='bbox 448 2737 602 2814; x_wconf 86' lang='lat' dir='ltr'>repetitae,</span> <span class='ocrx_word' id='word_1_220' title='bbox 624 2743 658 2792; x_wconf 90' lang='grc'>11</span> <span class='ocrx_word' id='word_1_221' title='bbox 679 2744 740 2793; x_wconf 85' lang='lat' dir='ltr'>tres</span> <span class='ocrx_word' id='word_1_222' title='bbox 762 2734 919 2793; x_wconf 88' lang='lat' dir='ltr'>continuos</span> <span class='ocrx_word' id='word_1_223' title='bbox 942 2752 1039 2794; x_wconf 88' lang='lat' dir='ltr'>annos</span> <span class='ocrx_word' id='word_1_224' title='bbox 1061 2745 1294 2812; x_wconf 79' lang='lat' dir='ltr'>repraesentent.</span> <span class='ocrx_word' id='word_1_225' title='bbox 1328 2737 1377 2795; x_wconf 88' lang='lat' dir='ltr'>Ad</span> <span class='ocrx_word' id='word_1_226' title='bbox 1399 2737 1457 2795; x_wconf 91' lang='lat' dir='ltr'>illa</span> <span class='ocrx_word' id='word_1_227' title='bbox 1477 2739 1537 2816; x_wconf 86' lang='lat' dir='ltr'>igi-</span> 
     </span>
     <span class='ocr_line' id='line_1_24' title="bbox 199 2837 1537 2916; baseline -0.001 -17"><span class='ocrx_word' id='word_1_228' title='bbox 199 2855 248 2900; x_wconf 90' lang='lat' dir='ltr'>tur</span> <span class='ocrx_word' id='word_1_229' title='bbox 272 2850 406 2916; x_wconf 90' lang='lat' dir='ltr'>tempora</span> <span class='ocrx_word' id='word_1_230' title='bbox 431 2841 506 2898; x_wconf 91' lang='lat' dir='ltr'>haec</span> <span class='ocrx_word' id='word_1_231' title='bbox 526 2839 672 2896; x_wconf 81' lang='lat' dir='ltr'>fastorum</span> <span class='ocrx_word' id='word_1_232' title='bbox 694 2854 766 2912; x_wconf 90' lang='lat' dir='ltr'>pars</span> <span class='ocrx_word' id='word_1_233' title='bbox 793 2837 935 2914; x_wconf 87' lang='lat' dir='ltr'>pertinet,</span> <span class='ocrx_word' id='word_1_234' title='bbox 962 2837 1072 2913; x_wconf 88' lang='lat' dir='ltr'>quibus</span> <span class='ocrx_word' id='word_1_235' title='bbox 1094 2838 1206 2897; x_wconf 89' lang='lat' dir='ltr'>tribuni</span> <span class='ocrx_word' id='word_1_236' title='bbox 1227 2838 1355 2898; x_wconf 86' lang='lat' dir='ltr'>militum</span> <span class='ocrx_word' id='word_1_237' title='bbox 1378 2840 1537 2898; x_wconf 89' lang='lat' dir='ltr'>consulari</span> 
     </span>
     <span class='ocr_line' id='line_1_25' title="bbox 198 2939 1536 3019; baseline -0.001 -17"><span class='ocrx_word' id='word_1_238' title='bbox 198 2952 346 3019; x_wconf 87' lang='lat' dir='ltr'>potestate</span> <span class='ocrx_word' id='word_1_239' title='bbox 373 2943 462 3013; x_wconf 90' lang='lat' dir='ltr'>terni,</span> <span class='ocrx_word' id='word_1_240' title='bbox 495 2940 649 3018; x_wconf 88' lang='lat' dir='ltr'>quaterni,</span> <span class='ocrx_word' id='word_1_241' title='bbox 681 2940 761 3009; x_wconf 91' lang='lat' dir='ltr'>seni,</span> <span class='ocrx_word' id='word_1_242' title='bbox 794 2940 894 2997; x_wconf 88' lang='lat' dir='ltr'>octoni</span> <span class='ocrx_word' id='word_1_243' title='bbox 919 2939 1012 3016; x_wconf 88' lang='lat' dir='ltr'>longa</span> <span class='ocrx_word' id='word_1_244' title='bbox 1037 2958 1184 2999; x_wconf 88' lang='lat' dir='ltr'>annorum</span> <span class='ocrx_word' id='word_1_245' title='bbox 1212 2941 1289 3000; x_wconf 86' lang='lat' dir='ltr'>serie</span> <span class='ocrx_word' id='word_1_246' title='bbox 1315 2942 1536 3017; x_wconf 88' lang='lat' dir='ltr'>rempublicam</span> 
     </span>
     <span class='ocr_line' id='line_1_26' title="bbox 196 3040 1537 3121; baseline 0 -18"><span class='ocrx_word' id='word_1_247' title='bbox 196 3065 315 3104; x_wconf 83' lang='lat' dir='ltr'>rexere:</span> <span class='ocrx_word' id='word_1_248' title='bbox 338 3064 464 3121; x_wconf 92' lang='lat' dir='ltr'>quorum</span> <span class='ocrx_word' id='word_1_249' title='bbox 486 3040 619 3114; x_wconf 84' lang='lat' dir='ltr'>nomina,</span> <span class='ocrx_word' id='word_1_250' title='bbox 641 3040 890 3118; x_wconf 91' lang='lat' dir='ltr'>quemadmodum</span> <span class='ocrx_word' id='word_1_251' title='bbox 910 3051 940 3100; x_wconf 91' lang='lat' dir='ltr'>et</span> <span class='ocrx_word' id='word_1_252' title='bbox 960 3042 1170 3116; x_wconf 84' lang='lat' dir='ltr'>decemvirum,</span> <span class='ocrx_word' id='word_1_253' title='bbox 1193 3043 1377 3120; x_wconf 86' lang='lat' dir='ltr'>prolixitatis</span> <span class='ocrx_word' id='word_1_254' title='bbox 1392 3044 1537 3103; x_wconf 84' lang='lat' dir='ltr'>vitandas</span> 
     </span>
     <span class='ocr_line' id='line_1_27' title="bbox 196 3141 1537 3226; baseline 0 -21"><span class='ocrx_word' id='word_1_255' title='bbox 196 3148 294 3226; x_wconf 89' lang='lat' dir='ltr'>gratia</span> <span class='ocrx_word' id='word_1_256' title='bbox 320 3149 376 3205; x_wconf 89' lang='lat' dir='ltr'>hae</span> <span class='ocrx_word' id='word_1_257' title='bbox 398 3147 517 3205; x_wconf 88' lang='lat' dir='ltr'>tabulae</span> <span class='ocrx_word' id='word_1_258' title='bbox 544 3153 744 3223; x_wconf 88' lang='lat' dir='ltr'>praetereunt.</span> <span class='ocrx_word' id='word_1_259' title='bbox 789 3141 939 3202; x_wconf 85' lang='lat' dir='ltr'>Continuo</span> <span class='ocrx_word' id='word_1_260' title='bbox 961 3144 1090 3204; x_wconf 86' lang='lat' dir='ltr'>triennio</span> <span class='ocrx_word' id='word_1_261' title='bbox 1112 3145 1224 3205; x_wconf 89' lang='lat' dir='ltr'>tribuni</span> <span class='ocrx_word' id='word_1_262' title='bbox 1249 3146 1377 3205; x_wconf 88' lang='lat' dir='ltr'>militum</span> <span class='ocrx_word' id='word_1_263' title='bbox 1403 3147 1537 3224; x_wconf 87' lang='lat' dir='ltr'>primum</span> 
     </span>
     <span class='ocr_line' id='line_1_28' title="bbox 196 3245 1536 3320; baseline 0.001 -13"><span class='ocrx_word' id='word_1_264' title='bbox 196 3251 288 3308; x_wconf 89' lang='lat' dir='ltr'>creati</span> <span class='ocrx_word' id='word_1_265' title='bbox 309 3250 396 3309; x_wconf 87' lang='lat' dir='ltr'>annis</span> <span class='ocrx_word' id='word_1_266' title='bbox 419 3247 608 3320; x_wconf 77' lang='lat' dir='ltr'>sao-3223</span> <span class='ocrx_word' id='word_1_267' title='bbox 637 3246 744 3305; x_wconf 87' lang='lat' dir='ltr'>deinde</span> <span class='ocrx_word' id='word_1_268' title='bbox 771 3245 809 3303; x_wconf 91' lang='lat' dir='ltr'>ab</span> <span class='ocrx_word' id='word_1_269' title='bbox 831 3264 910 3303; x_wconf 93' lang='lat' dir='ltr'>anno</span> <span class='ocrx_word' id='word_1_270' title='bbox 933 3245 992 3305; x_wconf 81' lang='lat'>328</span> <span class='ocrx_word' id='word_1_271' title='bbox 1016 3247 1053 3304; x_wconf 91' lang='lat' dir='ltr'>ad</span> <span class='ocrx_word' id='word_1_272' title='bbox 1077 3246 1137 3306; x_wconf 83' lang='lat'>387</span> <span class='ocrx_word' id='word_1_273' title='bbox 1159 3265 1229 3305; x_wconf 89' lang='lat' dir='ltr'>raro</span> <span class='ocrx_word' id='word_1_274' title='bbox 1250 3247 1379 3306; x_wconf 89' lang='lat' dir='ltr'>reditum</span> <span class='ocrx_word' id='word_1_275' title='bbox 1402 3249 1443 3307; x_wconf 91' lang='lat' dir='ltr'>ad</span> <span class='ocrx_word' id='word_1_276' title='bbox 1465 3268 1536 3308; x_wconf 88' lang='lat' dir='ltr'>con·</span> 
     </span>
     <span class='ocr_line' id='line_1_29' title="bbox 196 3347 1536 3429; baseline 0.001 -20"><span class='ocrx_word' id='word_1_277' title='bbox 196 3352 276 3410; x_wconf 89' lang='lat' dir='ltr'>sules</span> <span class='ocrx_word' id='word_1_278' title='bbox 305 3361 359 3412; x_wconf 88' lang='lat' dir='ltr'>est.</span> <span class='ocrx_word' id='word_1_279' title='bbox 402 3352 493 3410; x_wconf 90' lang='lat' dir='ltr'>Prior</span> <span class='ocrx_word' id='word_1_280' title='bbox 518 3350 608 3429; x_wconf 85' lang='lat' dir='ltr'>igitur</span> <span class='ocrx_word' id='word_1_281' title='bbox 634 3349 740 3407; x_wconf 92' lang='lat' dir='ltr'>horum</span> <span class='ocrx_word' id='word_1_282' title='bbox 768 3347 914 3406; x_wconf 82' lang='lat' dir='ltr'>fastorum</span> <span class='ocrx_word' id='word_1_283' title='bbox 941 3348 1080 3408; x_wconf 85' lang='lat' dir='ltr'>columna</span> <span class='ocrx_word' id='word_1_284' title='bbox 1106 3350 1144 3408; x_wconf 92' lang='lat' dir='ltr'>ab</span> <span class='ocrx_word' id='word_1_285' title='bbox 1171 3368 1250 3408; x_wconf 90' lang='lat' dir='ltr'>anno</span> <span class='ocrx_word' id='word_1_286' title='bbox 1273 3349 1332 3408; x_wconf 88' lang='grc'>303</span> <span class='ocrx_word' id='word_1_287' title='bbox 1361 3349 1400 3408; x_wconf 89' lang='lat' dir='ltr'>ad</span> <span class='ocrx_word' id='word_1_288' title='bbox 1422 3370 1536 3410; x_wconf 87' lang='lat' dir='ltr'>annum</span> 
     </span>
     <span class='ocr_line' id='line_1_30' title="bbox 194 3450 1536 3531; baseline 0 -19"><span class='ocrx_word' id='word_1_289' title='bbox 194 3455 343 3531; x_wconf 86' lang='lat' dir='ltr'>processit</span> <span class='ocrx_word' id='word_1_290' title='bbox 371 3474 429 3513; x_wconf 90' lang='lat' dir='ltr'>non</span> <span class='ocrx_word' id='word_1_291' title='bbox 459 3451 635 3523; x_wconf 83' lang='grc'><strong>11111313,</strong></span> <span class='ocrx_word' id='word_1_292' title='bbox 664 3469 724 3508; x_wconf 92' lang='lat' dir='ltr'>non</span> <span class='ocrx_word' id='word_1_293' title='bbox 753 3450 833 3508; x_wconf 91' lang='lat' dir='ltr'>ultra</span> <span class='ocrx_word' id='word_1_294' title='bbox 858 3451 929 3508; x_wconf 88' lang='grc'><strong>384.</strong></span> <span class='ocrx_word' id='word_1_295' title='bbox 972 3451 1048 3509; x_wconf 88' lang='lat' dir='ltr'>Eam</span> <span class='ocrx_word' id='word_1_296' title='bbox 1076 3460 1175 3511; x_wconf 91' lang='lat' dir='ltr'>tamen</span> <span class='ocrx_word' id='word_1_297' title='bbox 1205 3451 1350 3511; x_wconf 89' lang='lat' dir='ltr'>mediocri</span> <span class='ocrx_word' id='word_1_298' title='bbox 1375 3452 1536 3512; x_wconf 87' lang='lat' dir='ltr'>altitudine</span> 
     </span>
     <span class='ocr_line' id='line_1_31' title="bbox 194 3553 1536 3632; baseline 0.001 -18"><span class='ocrx_word' id='word_1_299' title='bbox 194 3558 290 3616; x_wconf 86' lang='grc'><strong>111111</strong></span> <span class='ocrx_word' id='word_1_300' title='bbox 313 3558 477 3616; x_wconf 89' lang='lat' dir='ltr'>litterarum</span> <span class='ocrx_word' id='word_1_301' title='bbox 494 3555 632 3615; x_wconf 89' lang='lat' dir='ltr'>modulus</span> <span class='ocrx_word' id='word_1_302' title='bbox 655 3553 685 3611; x_wconf 92' lang='lat' dir='ltr'>in</span> <span class='ocrx_word' id='word_1_303' title='bbox 708 3553 776 3628; x_wconf 91' lang='lat' dir='ltr'>ipsa</span> <span class='ocrx_word' id='word_1_304' title='bbox 797 3569 917 3628; x_wconf 87' lang='lat' dir='ltr'>quoquc</span> <span class='ocrx_word' id='word_1_305' title='bbox 933 3569 1051 3612; x_wconf 89' lang='lat' dir='ltr'>summa</span> <span class='ocrx_word' id='word_1_306' title='bbox 1072 3553 1309 3631; x_wconf 87' lang='lat' dir='ltr'>praescriptione</span> <span class='ocrx_word' id='word_1_307' title='bbox 1330 3554 1464 3632; x_wconf 85' lang='lat' dir='ltr'>exiguus</span> <span class='ocrx_word' id='word_1_308' title='bbox 1486 3554 1536 3615; x_wconf 81' lang='lat' dir='ltr'>de·</span> 
     </span>
     <span class='ocr_line' id='line_1_32' title="bbox 195 3659 394 3737; baseline -0.01 -18"><span class='ocrx_word' id='word_1_309' title='bbox 195 3659 394 3737; x_wconf 73' lang='grc'><strong>1111111111).</strong></span> 
     </span>
    </p>

    <p class='ocr_par' dir='ltr' id='par_1_5' title="bbox 182 3758 1544 4452">
     <span class='ocr_line' id='line_1_33' title="bbox 278 3758 1535 3837; baseline -0.001 -17"><span class='ocrx_word' id='word_1_310' title='bbox 278 3763 337 3821; x_wconf 93' lang='lat' dir='ltr'>Illa</span> <span class='ocrx_word' id='word_1_311' title='bbox 358 3762 468 3821; x_wconf 90' lang='lat' dir='ltr'>certius</span> <span class='ocrx_word' id='word_1_312' title='bbox 491 3760 607 3821; x_wconf 88' lang='lat' dir='ltr'>definiri</span> <span class='ocrx_word' id='word_1_313' title='bbox 628 3778 770 3821; x_wconf 87' lang='lat' dir='ltr'>mensura</span> <span class='ocrx_word' id='word_1_314' title='bbox 790 3770 904 3837; x_wconf 89' lang='lat' dir='ltr'>potest,</span> <span class='ocrx_word' id='word_1_315' title='bbox 935 3779 994 3837; x_wconf 91' lang='lat' dir='ltr'>qua</span> <span class='ocrx_word' id='word_1_316' title='bbox 1015 3759 1127 3836; x_wconf 84' lang='lat' dir='ltr'>pagina</span> <span class='ocrx_word' id='word_1_317' title='bbox 1147 3758 1204 3817; x_wconf 87' lang='lat' dir='ltr'>fuit</span> <span class='ocrx_word' id='word_1_318' title='bbox 1225 3775 1372 3818; x_wconf 88' lang='lat' dir='ltr'>annorum</span> <span class='ocrx_word' id='word_1_319' title='bbox 1394 3760 1535 3819; x_wconf 85' lang='lat' dir='ltr'>exeuntis</span> 
     </span>
     <span class='ocr_line' id='line_1_34' title="bbox 196 3862 1538 3939; baseline -0.002 -15"><span class='ocrx_word' id='word_1_320' title='bbox 196 3865 309 3925; x_wconf 90' lang='lat' dir='ltr'>saeculi</span> <span class='ocrx_word' id='word_1_321' title='bbox 331 3885 350 3922; x_wconf 87' lang='lat' dir='ltr'>a</span> <span class='ocrx_word' id='word_1_322' title='bbox 371 3863 493 3924; x_wconf 85' lang='lat' dir='ltr'>Christo</span> <span class='ocrx_word' id='word_1_323' title='bbox 515 3862 614 3939; x_wconf 87' lang='lat' dir='ltr'>primi,</span> <span class='ocrx_word' id='word_1_324' title='bbox 635 3862 766 3922; x_wconf 89' lang='lat' dir='ltr'>ineuntis</span> <span class='ocrx_word' id='word_1_325' title='bbox 789 3863 922 3921; x_wconf 88' lang='lat' dir='ltr'>secundi.</span> <span class='ocrx_word' id='word_1_326' title='bbox 955 3863 992 3921; x_wconf 91' lang='lat' dir='ltr'>Ia</span> <span class='ocrx_word' id='word_1_327' title='bbox 1014 3862 1102 3921; x_wconf 90' lang='lat' dir='ltr'>binas</span> <span class='ocrx_word' id='word_1_328' title='bbox 1124 3862 1204 3921; x_wconf 89' lang='lat' dir='ltr'>enim</span> <span class='ocrx_word' id='word_1_329' title='bbox 1226 3862 1381 3921; x_wconf 85' lang='lat' dir='ltr'>columnas</span> <span class='ocrx_word' id='word_1_330' title='bbox 1403 3862 1538 3939; x_wconf 86' lang='lat' dir='ltr'>partitae</span> 
     </span>
     <span class='ocr_line' id='line_1_35' title="bbox 182 3962 1544 4049; baseline -0.002 -23"><span class='ocrx_word' id='word_1_331' title='bbox 182 3978 280 4049; x_wconf 33' lang='lat' dir='ltr'>&#39;erant</span> <span class='ocrx_word' id='word_1_332' title='bbox 302 3967 395 4026; x_wconf 87' lang='lat' dir='ltr'>feriae</span> <span class='ocrx_word' id='word_1_333' title='bbox 417 3984 563 4024; x_wconf 90' lang='lat' dir='ltr'>annorum</span> <span class='ocrx_word' id='word_1_334' title='bbox 587 3965 720 4035; x_wconf 81' lang='lat' dir='ltr'>&#39;ll—74,</span> <span class='ocrx_word' id='word_1_335' title='bbox 745 3962 928 4037; x_wconf 81' lang='lat' dir='ltr'>los-109;</span> <span class='ocrx_word' id='word_1_336' title='bbox 951 3965 994 4024; x_wconf 90' lang='lat' dir='ltr'>ita</span> <span class='ocrx_word' id='word_1_337' title='bbox 1015 3973 1047 4023; x_wconf 90' lang='lat' dir='ltr'>ut</span> <span class='ocrx_word' id='word_1_338' title='bbox 1068 3983 1147 4023; x_wconf 90' lang='lat' dir='ltr'>anno</span> <span class='ocrx_word' id='word_1_339' title='bbox 1169 3964 1279 4041; x_wconf 90' lang='lat' dir='ltr'>prioris</span> <span class='ocrx_word' id='word_1_340' title='bbox 1301 3965 1462 4024; x_wconf 87' lang='lat' dir='ltr'>columnae</span> <span class='ocrx_word' id='word_1_341' title='bbox 1484 3964 1544 4037; x_wconf 79' lang='lat' dir='ltr'>tl,</span> 
     </span>
     <span class='ocr_line' id='line_1_36' title="bbox 195 4065 1544 4145; baseline -0.002 -17"><span class='ocrx_word' id='word_1_342' title='bbox 195 4071 320 4131; x_wconf 85' lang='lat' dir='ltr'>alterius</span> <span class='ocrx_word' id='word_1_343' title='bbox 351 4087 446 4129; x_wconf 90' lang='lat' dir='ltr'>annus</span> <span class='ocrx_word' id='word_1_344' title='bbox 476 4069 533 4127; x_wconf 81' lang='lat'>106</span> <span class='ocrx_word' id='word_1_345' title='bbox 561 4067 623 4126; x_wconf 87' lang='lat' dir='ltr'>fere</span> <span class='ocrx_word' id='word_1_346' title='bbox 651 4066 849 4145; x_wconf 87' lang='lat' dir='ltr'>responderet</span> <span class='ocrx_word' id='word_1_347' title='bbox 877 4076 907 4126; x_wconf 90' lang='lat' dir='ltr'>et</span> <span class='ocrx_word' id='word_1_348' title='bbox 934 4068 977 4125; x_wconf 90' lang='lat' dir='ltr'>sic</span> <span class='ocrx_word' id='word_1_349' title='bbox 1004 4067 1155 4143; x_wconf 86' lang='lat' dir='ltr'>deinceps.</span> <span class='ocrx_word' id='word_1_350' title='bbox 1200 4065 1301 4141; x_wconf 85' lang='lat' dir='ltr'>Quare</span> <span class='ocrx_word' id='word_1_351' title='bbox 1328 4066 1458 4144; x_wconf 85' lang='lat' dir='ltr'>singulis</span> <span class='ocrx_word' id='word_1_352' title='bbox 1486 4084 1544 4125; x_wconf 89' lang='lat' dir='ltr'>oo-</span> 
     </span>
     <span class='ocr_line' id='line_1_37' title="bbox 195 4169 1542 4245; baseline -0.002 -15"><span class='ocrx_word' id='word_1_353' title='bbox 195 4174 306 4232; x_wconf 88' lang='lat' dir='ltr'>lumnis</span> <span class='ocrx_word' id='word_1_354' title='bbox 330 4172 368 4230; x_wconf 85' lang='grc'>35</span> <span class='ocrx_word' id='word_1_355' title='bbox 396 4172 515 4230; x_wconf 89' lang='lat' dir='ltr'>circiter</span> <span class='ocrx_word' id='word_1_356' title='bbox 536 4188 632 4229; x_wconf 87' lang='lat' dir='ltr'>anuos</span> <span class='ocrx_word' id='word_1_357' title='bbox 660 4187 728 4228; x_wconf 88' lang='lat' dir='ltr'>esse</span> <span class='ocrx_word' id='word_1_358' title='bbox 754 4170 988 4245; x_wconf 89' lang='lat' dir='ltr'>comprehensos</span> <span class='ocrx_word' id='word_1_359' title='bbox 1014 4169 1169 4228; x_wconf 88' lang='lat' dir='ltr'>subductis</span> <span class='ocrx_word' id='word_1_360' title='bbox 1191 4169 1360 4228; x_wconf 87' lang='lat' dir='ltr'>rationibus</span> <span class='ocrx_word' id='word_1_361' title='bbox 1382 4169 1542 4228; x_wconf 81' lang='grc'><strong>11111111-</strong></span> 
     </span>
     <span class='ocr_line' id='line_1_38' title="bbox 195 4270 1536 4344; baseline -0.004 -10"><span class='ocrx_word' id='word_1_362' title='bbox 195 4277 314 4334; x_wconf 81' lang='lat' dir='ltr'>festum.</span> <span class='ocrx_word' id='word_1_363' title='bbox 364 4271 397 4333; x_wconf 89' lang='lat' dir='ltr'>Si</span> <span class='ocrx_word' id='word_1_364' title='bbox 429 4273 534 4332; x_wconf 89' lang='lat' dir='ltr'>eadem</span> <span class='ocrx_word' id='word_1_365' title='bbox 561 4274 693 4331; x_wconf 88' lang='lat' dir='ltr'>omnium</span> <span class='ocrx_word' id='word_1_366' title='bbox 721 4272 887 4331; x_wconf 90' lang='lat' dir='ltr'>tabularum</span> <span class='ocrx_word' id='word_1_367' title='bbox 920 4289 1062 4329; x_wconf 88' lang='lat' dir='ltr'>mensura</span> <span class='ocrx_word' id='word_1_368' title='bbox 1094 4273 1165 4344; x_wconf 85' lang='lat' dir='ltr'>tuit,</span> <span class='ocrx_word' id='word_1_369' title='bbox 1197 4291 1217 4329; x_wconf 95' lang='lat' dir='ltr'>a</span> <span class='ocrx_word' id='word_1_370' title='bbox 1243 4271 1467 4331; x_wconf 76' lang='lat' dir='ltr'>decemviratus</span> <span class='ocrx_word' id='word_1_371' title='bbox 1496 4270 1536 4328; x_wconf 81' lang='lat' dir='ltr'>ad</span> 
     </span>
     <span class='ocr_line' id='line_1_39' title="bbox 194 4372 1503 4452; baseline -0.002 -17"><span class='ocrx_word' id='word_1_372' title='bbox 194 4377 319 4436; x_wconf 85' lang='lat' dir='ltr'>Traiani</span> <span class='ocrx_word' id='word_1_373' title='bbox 341 4385 478 4452; x_wconf 89' lang='lat' dir='ltr'>tempora</span> <span class='ocrx_word' id='word_1_374' title='bbox 499 4392 623 4433; x_wconf 89' lang='lat' dir='ltr'>necesse</span> <span class='ocrx_word' id='word_1_375' title='bbox 646 4384 692 4433; x_wconf 90' lang='grc'>111</span> <span class='ocrx_word' id='word_1_376' title='bbox 713 4376 769 4433; x_wconf 91' lang='lat' dir='ltr'>hos</span> <span class='ocrx_word' id='word_1_377' title='bbox 791 4375 889 4432; x_wconf 82' lang='lat' dir='ltr'>fastos</span> <span class='ocrx_word' id='word_1_378' title='bbox 909 4373 1015 4452; x_wconf 87' lang='lat' dir='ltr'>viginti</span> <span class='ocrx_word' id='word_1_379' title='bbox 1038 4374 1147 4432; x_wconf 88' lang='lat' dir='ltr'>saltem</span> <span class='ocrx_word' id='word_1_380' title='bbox 1169 4372 1324 4433; x_wconf 86' lang='lat' dir='ltr'>columnas</span> <span class='ocrx_word' id='word_1_381' title='bbox 1344 4372 1503 4451; x_wconf 81' lang='lat' dir='ltr'>implesse.</span> 
     </span>
    </p>

    <p class='ocr_par' dir='ltr' id='par_1_6' title="bbox 193 4474 1527 4760">
     <span class='ocr_line' id='line_1_40' title="bbox 278 4474 1527 4556; baseline -0.004 -19"><span class='ocrx_word' id='word_1_382' title='bbox 278 4476 340 4537; x_wconf 84' lang='lat' dir='ltr'>Sed</span> <span class='ocrx_word' id='word_1_383' title='bbox 362 4478 561 4556; x_wconf 85' lang='lat' dir='ltr'>fragmentum</span> <span class='ocrx_word' id='word_1_384' title='bbox 583 4496 730 4534; x_wconf 89' lang='lat' dir='ltr'>annorum</span> <span class='ocrx_word' id='word_1_385' title='bbox 753 4475 927 4535; x_wconf 75' lang='lat' dir='ltr'>uae-542</span> <span class='ocrx_word' id='word_1_386' title='bbox 951 4476 1100 4554; x_wconf 89' lang='lat' dir='ltr'>duplicem</span> <span class='ocrx_word' id='word_1_387' title='bbox 1115 4475 1233 4551; x_wconf 85' lang='lat' dir='ltr'>videtur</span> <span class='ocrx_word' id='word_1_388' title='bbox 1254 4474 1425 4535; x_wconf 86' lang='lat' dir='ltr'>columnam</span> <span class='ocrx_word' id='word_1_389' title='bbox 1446 4474 1527 4536; x_wconf 80' lang='lat' dir='ltr'>exbi-</span> 
     </span>
     <span class='ocr_line' id='line_1_41' title="bbox 193 4576 1525 4657; baseline -0.001 -17"><span class='ocrx_word' id='word_1_390' title='bbox 193 4583 263 4640; x_wconf 89' lang='lat' dir='ltr'>bere</span> <span class='ocrx_word' id='word_1_391' title='bbox 286 4580 368 4656; x_wconf 90' lang='lat' dir='ltr'>(vide</span> <span class='ocrx_word' id='word_1_392' title='bbox 391 4580 457 4656; x_wconf 90' lang='lat' dir='ltr'>eph.</span> <span class='ocrx_word' id='word_1_393' title='bbox 474 4579 500 4649; x_wconf 92' lang='lat' dir='ltr'>I,</span> <span class='ocrx_word' id='word_1_394' title='bbox 515 4578 579 4655; x_wconf 84' lang='lat'>43).</span> <span class='ocrx_word' id='word_1_395' title='bbox 613 4578 692 4637; x_wconf 88' lang='lat' dir='ltr'>Nam</span> <span class='ocrx_word' id='word_1_396' title='bbox 716 4580 844 4656; x_wconf 89' lang='lat' dir='ltr'>singulis</span> <span class='ocrx_word' id='word_1_397' title='bbox 866 4579 954 4637; x_wconf 88' lang='lat' dir='ltr'>annis</span> <span class='ocrx_word' id='word_1_398' title='bbox 976 4579 1106 4637; x_wconf 86' lang='lat' dir='ltr'>maiores</span> <span class='ocrx_word' id='word_1_399' title='bbox 1128 4578 1245 4636; x_wconf 84' lang='lat' dir='ltr'>litterae</span> <span class='ocrx_word' id='word_1_400' title='bbox 1265 4586 1337 4637; x_wconf 88' lang='lat' dir='ltr'>sunt</span> <span class='ocrx_word' id='word_1_401' title='bbox 1350 4576 1525 4657; x_wconf 72' lang='lat' dir='ltr'>adscriptae,</span> 
     </span>
     <span class='ocr_line' id='line_1_42' title="bbox 193 4681 844 4760; baseline -0.006 -19"><span class='ocrx_word' id='word_1_402' title='bbox 193 4702 271 4760; x_wconf 87' lang='lat' dir='ltr'>quae</span> <span class='ocrx_word' id='word_1_403' title='bbox 292 4683 419 4740; x_wconf 89' lang='lat' dir='ltr'>alteram</span> <span class='ocrx_word' id='word_1_404' title='bbox 441 4681 609 4740; x_wconf 87' lang='lat' dir='ltr'>columnam</span> <span class='ocrx_word' id='word_1_405' title='bbox 631 4682 763 4751; x_wconf 85' lang='lat' dir='ltr'>efficiunt</span> <span class='ocrx_word' id='word_1_406' title='bbox 785 4682 844 4739; x_wconf 89' lang='lat' dir='ltr'>sic:</span> 
     </span>
    </p>
   </div>
   <div class='ocr_carea' id='block_1_4' title="bbox 199 4970 401 4980">
    <p class='ocr_par' dir='ltr' id='par_1_7' title="bbox 199 4970 401 4980">
     <span class='ocr_line' id='line_1_43' title="bbox 199 4970 401 4980; baseline -0.01 0"><span class='ocrx_word' id='word_1_407' title='bbox 199 4970 401 4980; x_wconf 80' lang='lat'><strong>———-·</strong></span> 
     </span>
    </p>
   </div>
   <div class='ocr_carea' id='block_1_5' title="bbox 271 5170 1429 5278">
    <p class='ocr_par' dir='ltr' id='par_1_8' title="bbox 271 5170 1429 5278">
     <span class='ocr_line' id='line_1_44' title="bbox 271 5170 1429 5278; baseline -0.002 -11"><span class='ocrx_word' id='word_1_408' title='bbox 271 5216 295 5278; x_wconf 90' lang='lat'>¹)</span> <span class='ocrx_word' id='word_1_409' title='bbox 318 5217 432 5268; x_wconf 81' lang='lat' dir='ltr'>Litterae</span> <span class='ocrx_word' id='word_1_410' title='bbox 450 5230 491 5266; x_wconf 82' lang='lat' dir='ltr'>vr.</span> <span class='ocrx_word' id='word_1_411' title='bbox 506 5216 580 5265; x_wconf 85' lang='grc'>1-3</span> <span class='ocrx_word' id='word_1_412' title='bbox 600 5215 667 5264; x_wconf 84' lang='lat' dir='ltr'>altae</span> <span class='ocrx_word' id='word_1_413' title='bbox 685 5221 745 5263; x_wconf 84' lang='grc'><strong>1111</strong></span> <span class='ocrx_word' id='word_1_414' title='bbox 763 5213 891 5276; x_wconf 63' lang='grc'><strong>11111211</strong></span> <span class='ocrx_word' id='word_1_415' title='bbox 909 5227 951 5261; x_wconf 81' lang='lat' dir='ltr'>vr.</span> <span class='ocrx_word' id='word_1_416' title='bbox 970 5211 988 5262; x_wconf 75' lang='lat'>4</span> <span class='ocrx_word' id='word_1_417' title='bbox 1008 5216 1035 5260; x_wconf 89' lang='grc'>11</span> <span class='ocrx_word' id='word_1_418' title='bbox 1051 5224 1123 5275; x_wconf 85' lang='lat' dir='ltr'>seqq.</span> <span class='ocrx_word' id='word_1_419' title='bbox 1143 5208 1203 5261; x_wconf 74' lang='lat' dir='ltr'>are</span> <span class='ocrx_word' id='word_1_420' title='bbox 1220 5208 1288 5263; x_wconf 66' lang='lat' dir='ltr'>aust</span> <span class='ocrx_word' id='word_1_421' title='bbox 1301 5170 1429 5265; x_wconf 50' lang='lat' dir='ltr'>tta-tl.</span> 
     </span>
    </p>
   </div>
   <div class='ocr_carea' id='block_1_6' title="bbox 0 0 1734 6292">
    <p class='ocr_par' dir='ltr' id='par_1_9' title="bbox 0 0 1734 6292">
     <span class='ocr_line' id='line_1_45' title="bbox 0 0 1734 6292; baseline 0 3"><span class='ocrx_word' id='word_1_422' title='bbox 0 0 1734 6292; x_wconf 95' lang='lat' dir='ltr'> </span> 
     </span>
    </p>
   </div>
  </div>
 </body>
</html>
