3702 5966
169 718 227 780 Sed
256 721 348 779 ctiam
379 723 504 782 Cordum
528 724 647 798 Cursum
673 723 774 782 Scctae
799 723 922 783 formeri
946 723 1174 799 potuissequis
1200 723 1339 799 negabit?
1384 723 1504 784 Deinde

170 831 201 881 at
227 825 336 898 Aefula
361 824 472 899 Mesola
495 825 619 884 Trebula
646 826 788 884 Faesulae
809 825 932 884 Verulae
959 825 1068 884 Corioli
1094 825 1207 884 Puteoli
1235 826 1389 902 Aequiculi
1414 826 1505 885 Eruli

169 927 298 1002 Apulum
320 927 472 985 Tusculum
493 945 547 1003 per
569 927 597 986 ol
616 928 681 986 sive
702 928 734 984 ul
755 927 898 986 suffixum
919 927 1048 986 formate
1070 945 1137 986 esce
1158 936 1284 1004 apparet
1305 929 1392 986 baec:

443 1101 563 1160 Dictula
585 1099 648 1177 (vel
668 1101 814 1172 Dictulae,
836 1101 993 1174 Dianium,
1107 1097 1249 1159 *Pactula
1368 1097 1378 1120 ⁸

640 1203 765 1279 Dieluli)
1042 1220 1068 1262 aa
1110 1203 1242 1262 llantula

443 1305 559 1364 Fistula
1110 1304 1240 1379 Tif(u)la

373 1423 400 1464 m
440 1407 587 1466 funiculu
1116 1406 1254 1464 Vaoieula

443 1509 590 1567 Lacmula
1114 1509 1261 1568 Venabula

442 1611 559 1670 Lucula
1113 1611 1245 1670 Vecieula

441 1713 590 1772 Pauscula
1040 1731 1066 1771 oo
1115 1713 1226 1788 Urqula

250 1885 390 1975 Cognato
411 1897 481 1946 sunt
501 1887 629 1948 formata
651 1907 704 1964 per
726 1890 752 1946 el
773 1889 821 1958 eli,
844 1887 867 1944 il
888 1887 923 1944 ill
944 1887 1068 1959 suffixa,
1092 1895 1124 1944 ut
1146 1885 1250 1944 Abella
1272 1887 1423 1963 Freyellae
1449 1888 1500 1945 Ge·

163 1989 231 2048 relli
255 1990 370 2050 Vilellia
392 1989 471 2066 Afila
493 1987 638 2068 'Munilia
659 1991 802 2062 Bouillae,
825 1991 915 2048 baec:

578 2163 706 2223 'Lorela
942 2161 1065 2238 Cespite

581 2266 681 2342 Tofela
870 2283 895 2322 ³⁵
938 2264 1074 2340 Apicilla

582 2367 715 2426 Gerellae
936 2366 1060 2444 Lapillo

159 2543 295 2602 Rarioru
315 2543 444 2602 formata
465 2551 534 2602 sunt
555 2563 609 2620 per
631 2543 828 2619 issuflixum,
853 2553 885 2602 ut
908 2542 1019 2618 Allifae
1040 2559 1106 2600 cum
1129 2541 1288 2612 similibus,
1313 2542 1419 2601 velutiz

575 2707 701 2780 Bantifa
935 2706 1059 2782 Supeb‘a

161 2880 284 2939 Deinde
306 2901 360 2960 per
382 2885 407 2940 ie
429 2889 459 2939 et
481 2900 520 2952 er,
543 2882 586 2938 itu
608 2889 641 2938 ut
663 2880 775 2938 voculis
797 2881 885 2938 etium
909 2879 1036 2968 elidatur
1062 2879 1110 2954 (ut
1135 2877 1258 2954 Compsa
1281 2879 1401 2956 Tempsa
1426 2879 1494 2940 Cra·

162 2983 217 3039 bra
244 2982 343 3058 Cupra
370 2983 457 3042 Oura
479 2981 658 3058 Venafrum),
680 2983 771 3040 haec:

573 3137 670 3202 Petiea
933 3143 1088 3220 lbeb(e)ra

503 3265 531 3306 to
582 3246 713 3323 Vip(i)ea
940 3245 1069 3322 Vie(e)ra
1168 3286 1170 3292 -

161 3423 240 3480 Item
262 3442 316 3500 per
339 3433 365 3482 et
385 3431 415 3481 et
436 3427 472 3495 it,
500 3432 532 3481 ut
555 3423 654 3482 Caieta
677 3421 825 3498 Spalatum
846 3433 877 3481 et
899 3421 1022 3494 similia,
1049 3441 1126 3497 quae
1154 3440 1246 3498 supra
1273 3424 1429 3499 composui
1456 3424 1495 3481 ud

162 3523 322 3600 Calpetuni
344 3543 462 3596 nomen,
486 3525 574 3584 haec:

555 3727 558 3751 ,
574 3685 696 3763 Calpeta
934 3687 1040 3745 Coneta

570 3790 710 3850 'Carbula
933 3785 1078 3846 *Tenioita

502 3909 528 3950 m
571 3888 718 3968 *Capreta
938 3888 1082 3966 Vipe(i)ta

161 4067 264 4143 Atque
287 4085 339 4142 per
359 4071 395 4138 ic,
420 4075 451 4124 ut
474 4066 615 4126 Labicum
636 4067 780 4127 Satricum
806 4067 930 4137 Tutieue,

372 4229 471 4290 Colica
493 4230 570 4305 (sive
597 4228 739 4308 Calicem)
886 4231 1006 4287 Raetica
1029 4227 1106 4304 (sive
1127 4227 1288 4304 Raeticum)

297 4351 324 4390 so
367 4331 482 4390 Marica
887 4330 1019 4406 Surpica,

160 4497 292 4554 sortasse
314 4496 403 4554 etium
428 4495 527 4554 Vatica
549 4507 579 4553 et
599 4495 752 4555 *Sabinou

247 4597 385 4673 Denique
406 4615 472 4654 enm
494 4598 632 4656 Caruento
648 4597 785 4655 Nomento
806 4595 934 4654 fortusse
957 4595 1194 4670 componendum
1216 4595 1367 4668 Veientum,
1391 4617 1409 4654 c
1431 4617 1490 4674 quo

168 4701 339 4758 Veiemanuc
364 4717 527 4777 cognomen
555 4699 664 4758 lactum
692 4707 751 4771 cst,
768 4709 809 4756 ¹ct
834 4717 901 4756 cum
924 4697 1088 4776 peregrinis
1109 4698 1201 4757 veluti
1226 4698 1389 4760 Gaditanus
1412 4719 1489 4761 eom·

159 4801 299 4880 paranda
319 4798 498 4860 ’Basitauue
520 4801 670 4876 Mefitouuo
693 4801 859 4858 Tacitanus.

246 4902 472 4980 Quinquaginta
493 4905 623 4980 quinque
645 4902 706 4960 lere
728 4904 860 4960 locorum
883 4904 1053 4980 ignotorum
1071 4903 1193 4961 nomina
1207 4905 1282 4964 satis
1296 4907 1491 4982 probabiliter

158 5007 204 5063 ita
223 5005 357 5064 videmur
378 5006 464 5064 nobis
486 5006 740 5064 demonstravisse
761 5005 808 5076 iis,
831 5005 881 5080 qui
904 5004 1150 5081 chorographiam
1165 5005 1270 5066 Italiae
1286 5018 1422 5068 tractant.
1456 5007 1489 5070 Si

158 5107 272 5183 oppidu
288 5117 360 5165 notu
380 5107 615 5178 consideramus,
634 5127 672 5166 ex
688 5108 796 5182 quibus
811 5107 933 5164 nomina
947 5107 1001 5165 illu
1016 5108 1151 5166 derivate
1163 5125 1229 5168 esce
1245 5127 1335 5188 supra
1349 5111 1489 5184 vidimus,

158 5209 310 5288 permulta
324 5229 425 5269 eorum
441 5211 499 5270 sita
513 5210 608 5269 luisse
622 5211 788 5287 reperimus
804 5209 834 5266 in
845 5208 932 5267 Latio
948 5208 1138 5284 potissimum
1153 5218 1183 5270 et
1196 5212 1367 5290 regionibus
1382 5215 1487 5274 vicinis
