3458 6292
296 480 366 548 212
842 498 1121 549 anstrannum

418 694 490 749 astae
522 679 550 731 in
582 675 668 733 uerba
704 676 753 731 tibi
780 674 846 731 bove
873 672 1004 748 aur(ato)
1030 673 1094 729 aovi
1121 690 1187 729 esse
1216 672 1360 744 futurum,
1393 674 1470 747 quod
1499 674 1551 731 lroc
1579 674 1624 730 die

604 778 695 864 levvi,
718 787 765 834 ast

293 895 319 935 20
418 891 447 936 tu
470 900 503 937 ea
526 884 566 936 ita
582 882 675 953 sanis,
698 891 754 936 tum
777 879 828 936 irbi
851 878 961 936 donum
983 878 991 934 i
1009 918 1330 935 ..............

421 1026 647 1040 ..........
663 983 766 1058 suerit,
789 1000 827 1039 ex
847 985 971 1055 pecunia
986 982 1117 1053 fratrum
1140 979 1293 1036 Arvalium
1334 1002 1336 1006 ⁴

417 1089 527 1143 nomine
549 1104 645 1142 eorum
662 1089 792 1160 positum
814 1083 853 1142 iri
875 1102 980 1140 voveo.

356 1188 429 1245 Itsno
458 1191 572 1263 rapina,
601 1206 673 1263 quae
699 1191 729 1244 in
755 1187 843 1244 uerba
864 1184 960 1261 I(0vi)
988 1184 1129 1260 o(ptimo)
1156 1183 1315 1260 m(aximo)
1341 1185 1416 1243 bove
1437 1195 1539 1244 aurato
1561 1190 1625 1243 vovi

601 1292 827 1386 lfflsuturum

417 1395 496 1468 quod
516 1394 567 1449 lroc
589 1394 633 1450 die
654 1395 727 1462 vovi,
749 1400 796 1449 ast
817 1402 847 1449 tu
869 1409 902 1448 ea
922 1390 966 1446 ita
986 1389 1075 1460 saxis,
1098 1395 1156 1446 tum
1179 1388 1228 1447 tibi
1249 1388 1349 1465 collegi
1363 1390 1432 1462 sra-

293 1510 318 1550 ns
419 1504 492 1552 trum
515 1494 665 1552 Arvalium
685 1498 795 1551 nomine
816 1495 889 1550 bove
911 1502 1017 1550 aurata
1038 1510 1124 1549 voveo
1147 1510 1206 1550 esse
1221 1493 1362 1565 fleturum.

355 1597 501 1669 Minerva,
531 1615 604 1672 quaa
630 1601 660 1653 in
682 1597 767 1654 verba
789 1595 884 1672 I(0vi)
907 1593 1051 1671 o(ptimo)
1075 1592 1234 1670 m(aximo)
1257 1595 1333 1653 bove
1355 1605 1457 1653 aurato
1478 1597 1543 1653 vovi
1563 1614 1622 1654 esse

601 1701 753 1791 {Qube
775 1700 851 1773 quod

417 1803 469 1859 loa
490 1803 535 1859 die
556 1805 627 1871 vovi,
651 1812 698 1860 ast
719 1810 749 1857 tu
771 1821 804 1859 ea
825 1805 868 1858 ita
888 1800 977 1871 saxis,
1000 1807 1064 1857 tum
1086 1799 1141 1857 tibi
1163 1799 1264 1875 collepi
1278 1800 1408 1874 fratrum
1459 1862 1460 1865 Ἴ

417 1904 570 1962 Arvalium
591 1908 701 1961 nomine
723 1903 790 1961 bove
813 1913 917 1960 aurata
938 1920 1034 1961 voveo
1057 1919 1126 1961 esse
1146 1902 1282 1959 futurum.

353 2006 419 2064 Dea
441 2007 519 2079 Dia,
541 2025 615 2083 quae
637 2009 667 2063 in
688 2008 778 2075 verba,
793 2005 885 2083 I(0vi)
908 2003 1050 2081 o(ptim0)
1073 2003 1233 2081 m(aximo)
1255 2004 1331 2062 bove
1353 2014 1454 2063 aurato
1477 2009 1542 2063 navi
1563 2024 1623 2064 esse

600 2108 751 2201 ,ζα-εἶναψ,
774 2110 851 2184 quod
871 2108 923 2167 boc

291 2226 318 2265 ao
416 2211 461 2269 die
483 2216 556 2283 vovi,
579 2223 625 2271 ast
646 2224 676 2271 tu
697 2231 731 2270 ea
751 2213 794 2269 ita
814 2210 903 2283 saxis,
926 2221 984 2268 tum
1005 2212 1057 2270 tibi
1078 2209 1180 2287 colleql
1194 2212 1327 2286 fratrum
1346 2207 1501 2270 Arvalium

416 2318 527 2372 nomine
548 2315 616 2373 bove
638 2322 743 2372 aurata
763 2313 792 2370 in
814 2312 884 2372 Iueo
905 2333 989 2372 voveo
1012 2332 1072 2373 esse
1084 2316 1227 2388 suturam.
1332 2388 1338 2396 ι

354 2413 521 2491 Adsuerunt
541 2417 579 2475 L.
602 2416 676 2476 Piso
697 2417 845 2495 pontifex,
868 2415 992 2474 Paullus
1013 2416 1124 2475 Fabius
1146 2416 1290 2490 Persicus,
1311 2415 1349 2474 L.
1377 2414 1515 2475 Caninius

420 2519 534 2591 Gallus,
560 2520 610 2578 Cn.
634 2521 782 2579 Domitius
804 2519 1026 2579 Ahenobarbus.

333 2621 370 2678 V.
389 2620 491 2679 istil
517 2629 587 2699 post
609 2624 712 2680 donam
734 2622 846 2680 similia
867 2622 980 2697 scripta
1000 2622 1122 2681 fuerunt
1142 2622 1179 2680 iis
1201 2640 1276 2698 quae
1299 2629 1368 2680 sunt
1389 2621 1420 2680 in
1440 2622 1515 2680 actis
1538 2642 1564 2678 a.
1582 2622 1620 2679 38

290 2744 318 2780 v.
336 2723 363 2781 5.
382 2725 399 2782 6
422 2728 490 2781 anri
508 2723 632 2801 plaudo)
647 2724 753 2794 XXV,
775 2728 886 2799 arpenti
902 2724 1030 2800 p(onda)
1045 2725 1066 2781 Ι
1071 2724 1102 2783 V.
1140 2724 1224 2799 Quae
1247 2734 1411 2802 sequuntur
1432 2725 1473 2784 ibi
1491 2743 1558 2783 eum
1574 2724 1621 2781 his

291 2827 366 2883 actis
389 2827 579 2884 conveniunt.

243 2920 245 2922 ’
333 2927 371 2985 V.
389 2928 424 2985 21
450 2930 550 2988 littera
572 2933 583 2986 i
604 2931 634 2988 in
650 2931 745 3003 suerit
764 2938 845 2986 certa
866 2938 921 2986 est.

332 3030 369 3087 V.
388 3029 425 3089 29
440 3048 506 3106 sqq.
528 3042 599 3090 vota
621 3033 753 3090 enarrari
777 3032 850 3089 deae
864 3031 945 3090 Diae
966 3039 1137 3108 nuncupata
1159 3032 1250 3089 verba
1270 3037 1301 3089 in
1322 3032 1384 3089 luco
1407 3031 1545 3089 indicant.
1586 3031 1621 3090 In

291 3133 366 3189 actis
389 3152 415 3190 a.
432 3131 471 3191 38
499 3135 550 3208 qui
576 3145 647 3210 post
667 3134 745 3191 hanc
767 3133 853 3191 deam
876 3140 1041 3209 sequuntur
1064 3133 1152 3192 Salus
1175 3141 1204 3192 et
1226 3136 1309 3192 divus
1331 3135 1480 3211 Auqustus
1503 3153 1568 3192 cum
1590 3135 1620 3192 iu

289 3233 456 3311 fragmento
483 3238 552 3294 anni
576 3235 613 3293 27
642 3237 772 3295 nondum
801 3237 1006 3307 nominentur,
1033 3235 1134 3311 paullo
1160 3243 1230 3313 post
1256 3255 1324 3294 eum
1350 3255 1460 3295 annum
1483 3237 1620 3294 videntur

290 3336 396 3395 adiecti
423 3355 499 3396 esse.
544 3337 717 3397 Posteriora
743 3349 843 3397 autem
870 3346 967 3398 aetate
995 3339 1117 3397 omissis
1140 3339 1217 3396 votis
1240 3339 1314 3397 deae
1335 3337 1415 3396 Diae
1437 3338 1540 3410 iactis,
1570 3338 1621 3396 ad·

289 3438 398 3496 iunctis
425 3448 523 3498 autem
553 3441 622 3498 diva
648 3443 789 3517 Augusta
815 3448 845 3499 et
872 3441 941 3498 divo
969 3439 1097 3500 Claudio
1123 3442 1155 3499 hi
1184 3441 1242 3499 soli
1268 3460 1328 3515 upa
1354 3458 1421 3498 cum
1449 3442 1621 3500 numinibus

291 3539 471 3618 Capitolinis
499 3543 731 3614 invocabantur,
757 3544 852 3601 donec
878 3543 1033 3602 aFlaviis
1058 3543 1127 3602 inde
1153 3543 1383 3620 imperatoribus
1404 3555 1540 3602 cessante
1561 3544 1620 3602 iam

290 3643 372 3701 cultu
392 3643 531 3703 divorum
553 3645 620 3704 sola
643 3644 732 3706 Salus
755 3665 820 3704 cum
843 3645 905 3704 illis
927 3646 958 3703 iu
980 3646 1059 3704 votis
1081 3654 1258 3704 remaneret.
1295 3647 1341 3704 Ita
1363 3645 1508 3722 quaedam
1532 3648 1621 3704 corri-

289 3748 388 3826 genda
415 3755 484 3806 suut
510 3747 542 3806 in
567 3748 623 3820 iis,
650 3767 728 3824 quae
755 3749 792 3807 de
817 3748 988 3807 numinibus
1010 3755 1148 3807 votorum
1170 3766 1263 3806 causa
1284 3749 1430 3807 invocatis
1452 3769 1547 3826 nuper
1568 3768 1621 3807 ex·

290 3850 378 3925 posui
401 3849 435 3924 (l.
452 3869 477 3909 c.
501 3869 529 3926 p.
549 3850 616 3909 103.
634 3851 717 3928 104).
1411 3922 1414 3933 Ι

331 3952 366 4011 V.
384 3952 422 4010 32
450 3953 547 4029 primo
575 3952 640 4012 loco
666 3973 734 4011 eum
756 3955 925 4014 nominatus
948 3953 1036 4012 luerit
1058 3952 1096 4010 L.
1122 3952 1329 4030 (Calpurnius)
1352 3953 1421 4012 Piso
1439 3957 1569 4031 pontisas
1591 3962 1620 4012 et

289 4067 449 4132 propterea
476 4055 503 4113 is
531 4064 584 4114 aut
610 4057 753 4131 magister
779 4067 831 4115 aut
856 4057 1056 4133 promagister
1082 4057 1171 4114 huius
1202 4057 1271 4114 anni
1300 4074 1421 4114 necesse
1448 4067 1495 4114 est
1522 4056 1619 4127 fuerit,

289 4158 358 4234 ipso
380 4158 555 4236 magisterio
577 4178 642 4216 eum
665 4166 727 4217 tum
750 4160 884 4219 iunctum
907 4177 975 4217 esse
990 4158 1139 4235 colligitur
1154 4179 1192 4217 ex
1216 4178 1243 4217 v.
1260 4158 1288 4230 i,
1311 4176 1371 4234 quo
1386 4168 1508 4237 propter
1522 4160 1619 4237 ponti·

288 4260 353 4319 ficis
382 4261 560 4319 mentionem
589 4262 793 4336 magisterium
816 4262 864 4321 Ti.
893 4260 1035 4321 Caesaris
1060 4261 1190 4337 Augusti
1218 4262 1358 4336 scriptum
1385 4261 1480 4320 luisse
1507 4262 1620 4319 conieci

289 4382 447 4440 perperam
469 4363 501 4438 (l.
518 4383 542 4421 c.
565 4382 594 4439 p.
609 4363 757 4422 XXXIII
777 4383 804 4422 v.
822 4363 864 4440 2).
902 4363 980 4423 Nam
1002 4382 1066 4421 eum
1082 4363 1151 4421 Piso
1169 4364 1299 4439 pontiJ'ea
1320 4365 1398 4423 inter
1420 4382 1471 4423 eos
1494 4364 1545 4440 qui
1568 4364 1619 4422 ad-

289 4465 411 4525 fuerunt
433 4467 612 4538 nominetur,
635 4465 664 4524 id
686 4467 785 4544 ipsum
808 4467 897 4525 etiam
919 4465 981 4524 mi
1005 4474 1083 4525 recte
1104 4475 1273 4542 reponetur.
1307 4464 1393 4540 Quae
1407 4484 1474 4526 cum
1492 4468 1535 4526 ita
1550 4468 1619 4539 siut,

288 4589 316 4626 v.
336 4569 415 4625 1-4
436 4569 610 4629 restituendi
633 4554 703 4627 sunt
723 4570 785 4628 sere
806 4570 864 4627 sie:
934 4600 936 4602 v

352 4671 390 4728 L.
417 4672 573 4747 Calpurnio
596 4671 709 4744 Pisone,
733 4671 775 4729 M.
799 4670 915 4730 Licinio
938 4669 1046 4731 Crasso
1069 4672 1161 4747 Fami
1183 4671 1404 4749 co(n)s(ulibus)

413 4777 511 4850 pridie
533 4792 623 4832 nanas
647 4772 835 4850 Ianuar(ias)
857 4774 895 4831 L.
917 4774 1091 4850 Calpurnius
1112 4774 1182 4832 Piso
1204 4772 1370 4851 pont(iiex)
1392 4778 1528 4852 mapister

415 4918 762 4935 ...............
786 4877 889 4953 collepi
906 4876 1031 4934 fratrum
1053 4877 1204 4935 Arvalium
1225 4880 1337 4936 nomina

414 4989 479 5036 vota
500 4982 676 5054 nuncupavit
691 4997 749 5056 pro
772 4980 864 5045 salute
885 4989 911 5038 et
931 4979 1122 5038 incolumitate
1143 4989 1192 5038 cet.

250 5112 253 5118 ·
289 5088 365 5146 Post
390 5089 512 5147 verbum
539 5092 676 5164 nsaaister
703 5089 749 5165 (v.
768 5087 804 5164 2)
832 5088 904 5165 quid
930 5089 1089 5161 exciderit,
1119 5107 1179 5147 nou
1206 5089 1372 5165 adsequor,
1400 5107 1465 5147 cum
1493 5090 1618 5166 cogitari

288 5209 347 5250 non
374 5192 470 5267 possit
496 5191 533 5251 de
560 5191 640 5263 loco,
670 5191 702 5249 in
729 5210 788 5268 quo
815 5201 885 5251 vota
910 5191 989 5251 lacta
1014 5199 1091 5251 suut
1137 5190 1283 5251 Fortasse
1309 5198 1342 5250 ut
1367 5191 1398 5251 in
1425 5192 1500 5251 actis
1528 5211 1554 5250 a.
1579 5192 1616 5249 14
