3458 6292
200 505 245 572 92
559 514 707 573 nunnae
727 524 883 584 ernust.
905 525 1119 575 osonnron.
1142 527 1165 574 1.

198 700 341 776 praebent
367 697 506 755 lucernae
527 698 711 755 Puteolanas
740 704 845 753 extant
869 716 928 754 non
952 698 1153 773 infrequentes
1176 701 1343 757 Ronroncsis
1364 701 1528 775 inscriptae

197 803 235 876 (l.
252 801 292 859 N.
310 800 400 869 6308,
416 800 471 874 ro);
495 802 547 858 sed
571 818 646 875 nege
669 820 734 857 eam
757 800 895 857 adiectivi
916 800 1043 858 formam
1066 819 1194 875 unquam
1218 821 1273 877 pro
1296 803 1412 860 nomine
1434 805 1529 877 genti·

195 905 265 962 licio
293 904 387 960 fnisse
415 909 573 977 receptam.
617 901 763 960 Videatur
791 904 880 960 etiam
906 921 984 977 quae
1007 902 1043 960 de
1066 904 1270 979 rogatensibus
1292 903 1454 964 Henzcnus
1476 907 1528 963 ad·

199 1006 313 1064 notavit
335 1007 364 1063 in
388 1006 503 1082 eplrem.
526 1025 551 1062 a.
568 1003 645 1062 1872
669 1024 697 1080 p.
715 1003 784 1061 217.
818 1004 979 1080 Perperam
1003 1004 1120 1075 deinde,
1143 1006 1173 1063 ni
1196 1005 1293 1075 lallor,
1316 1007 1345 1064 in
1367 985 1423 1064 bac
1438 1026 1530 1083 quae-

197 1112 294 1167 stione
317 1108 354 1164 ad
377 1108 455 1165 servi
479 1108 542 1165 eius
566 1107 685 1164 nomina
707 1116 850 1181 provocat
864 1106 1027 1180 Beckcrus,
1051 1108 1101 1183 qui
1124 1125 1202 1164 anno
1218 1108 1300 1166 urbis
1317 1108 1376 1167 350
1394 1113 1528 1167 Artenae

196 1210 376 1268 Volscorum
399 1209 499 1284 oppidi
523 1228 620 1266 arcem
636 1209 781 1267 Romanis
804 1209 964 1267 tradidisse
980 1209 1073 1266 fertur
1088 1210 1167 1285 apud
1183 1208 1301 1267 Livium
1316 1211 1345 1281 4,
1363 1211 1411 1268 61.
1446 1212 1527 1270 Nam

196 1314 236 1382 is,
260 1313 284 1369 si
308 1331 439 1388 unquam
461 1312 532 1380 tuit,
555 1331 608 1387 per
629 1311 731 1368 ludum
754 1311 849 1368 dictus
872 1320 917 1368 est
943 1310 1060 1368 Servius
1082 1313 1242 1380 Romanus,
1270 1312 1350 1387 quod
1372 1313 1528 1372 Romanos

196 1416 374 1482 servaverim
398 1412 530 1488 pariliter
551 1420 584 1468 ut
601 1413 701 1470 Fertor
715 1414 818 1471 Recio-s
835 1413 886 1471 illo
901 1432 950 1470 rec
965 1413 1136 1488 [lequienius
1152 1421 1181 1470 et
1196 1414 1313 1472 similia.
1352 1415 1391 1472 Et
1406 1418 1529 1491 scripsit

195 1519 324 1575 fortasse
347 1517 382 1585 is,
405 1516 454 1591 qui
477 1515 615 1572 fabellam
636 1516 713 1573 hanc
735 1516 874 1585 narrarit,
897 1515 1014 1574 Servius
1029 1516 1202 1587 Remurium
1224 1536 1293 1575 nam
1309 1516 1425 1576 Servius
1441 1539 1527 1595 prae-

196 1638 303 1678 nomen
325 1627 378 1675 est.
412 1618 503 1675 Recte
526 1619 667 1675 statuisse
683 1618 848 1699 Varronem
871 1618 1010 1693 exempla
1026 1618 1134 1675 docent
1148 1618 1362 1678 Romaniorum
1378 1621 1450 1678 satis
1467 1622 1528 1680 fre-

196 1723 328 1798 quentia,
351 1739 426 1796 qnae
449 1738 541 1797 supra
555 1721 708 1796 composui
726 1719 754 1776 in
771 1719 867 1776 indice
883 1720 980 1790 tertio,
1001 1718 1154 1777 hominum
1171 1720 1354 1780 condicionis
1369 1722 1528 1781 libertinae

196 1825 328 1882 omnium
343 1832 373 1881 et
387 1833 474 1881 extra
489 1823 593 1880 urbem
608 1831 726 1895 reperta
741 1820 892 1897 pleraque.
926 1821 1065 1880 Romanii
1081 1820 1171 1896 igitur
1185 1822 1230 1880 illi
1246 1832 1298 1880 aut
1312 1823 1529 1883 descenderunt

195 1929 233 1985 ab
251 1926 420 1983 hominibus
437 1924 598 1982 secundum
615 1931 761 1982 vetustam
778 1923 1023 1981 consuetudinem
1046 1924 1215 1982 nominatos
1238 1934 1289 1983 aut
1311 1925 1369 2002 ipsi
1391 1927 1434 1984 ita
1455 1928 1528 1985 dicti

196 2037 266 2086 sunt
279 2036 382 2086 contra
400 2045 483 2085 usum
499 2027 694 2085 recentiorem
711 2036 832 2103 propter
846 2027 976 2084 rationes
992 2027 1080 2084 nobis
1095 2027 1221 2102 ignotas.
1246 2029 1286 2084 At
1297 2046 1374 2102 quae
1385 2029 1416 2087 in
1428 2030 1528 2087 indice

197 2130 326 2188 seeundo
348 2131 436 2206 posui
458 2129 644 2204 cognominis
659 2128 788 2186 Romani
811 2129 950 2204 exempla
971 2128 1041 2185 item
1063 2127 1239 2204 frequentia,
1262 2148 1298 2186 ea
1314 2139 1342 2187 et
1358 2130 1422 2207 ipsa
1437 2131 1528 2189 liber·
1558 2158 1561 2163 >

196 2234 275 2291 tinae
296 2233 415 2307 quidem
437 2231 619 2289 condicionis
639 2230 792 2288 hominum
808 2232 908 2288 omnia
923 2238 1002 2300 sunt,
1026 2240 1057 2288 ut
1071 2231 1189 2306 reliqua
1203 2232 1265 2289 eius
1281 2233 1407 2308 generis,
1429 2252 1529 2310 neque

195 2356 266 2393 raro
288 2336 324 2392 de
347 2334 461 2412 origine
483 2334 633 2391 hominum
656 2334 776 2391 illorum
799 2333 872 2390 certi
894 2333 1056 2409 quidquam
1078 2333 1216 2408 probant.
1260 2334 1362 2409 Itaque
1379 2335 1527 2395 Varronis

195 2437 396 2496 testimonium
424 2436 525 2512 aliqua
551 2437 665 2494 ratione
693 2435 809 2492 videtur
836 2434 967 2493 indicare
990 2435 1189 2494 Venafranios
1216 2436 1319 2513 oppidi
1341 2437 1466 2494 libertos
1490 2441 1528 2497 ab

195 2542 246 2612 iis,
270 2540 321 2616 qui
337 2538 576 2596 Venafranorum
599 2538 741 2614 gerebant
763 2557 885 2608 nomen,
909 2538 1058 2595 diversam
1081 2538 1227 2613 originem
1248 2538 1399 2595 habuisse.
1443 2540 1530 2597 Inter

195 2644 317 2701 nomina
344 2641 433 2719 igitur
459 2641 491 2698 in
513 2644 596 2697 onice
618 2639 725 2698 indicis
748 2640 872 2698 alterius
894 2639 1120 2716 municipiorum
1141 2639 1241 2698 liberti
1263 2641 1422 2716 quaerendi
1447 2651 1528 2715 sunt,

195 2765 253 2804 non
275 2746 353 2802 inter
375 2763 419 2812 ea,
442 2743 570 2818 quaein
593 2761 664 2800 anns
687 2741 892 2800 terminantur.

280 2844 339 2904 Sed
366 2846 438 2921 quid
466 2846 502 2902 de
529 2845 576 2902 his
604 2843 814 2902 statuendum?
858 2843 937 2902 Puto
959 2862 995 2900 ea
1018 2844 1141 2902 eandem
1163 2844 1283 2903 omnino
1305 2845 1451 2922 originem
1475 2847 1527 2904 ha-

195 2950 298 3009 buisse
327 2958 416 3023 atque
442 2946 593 3024 gentilicia
614 2945 743 3004 Etrusca
763 2947 794 3004 in
816 2965 886 3004 emo
908 2965 981 3003 enne
1002 2955 1031 3004 et
1051 2947 1081 3003 in
1103 2949 1258 3019 insinua,
1281 2947 1397 3007 Umbra
1418 2959 1450 3007 et
1472 2946 1528 3008 Sa·

195 3052 267 3109 bina
288 3052 318 3108 in
341 3069 413 3106 enoc
436 3067 503 3106 erras
525 3053 598 3119 inus,
622 3048 774 3125 gentilicia
796 3050 826 3105 in
849 3051 912 3105 inas
934 3061 964 3106 et
985 3067 1062 3117 enus,
1084 3048 1201 3125 reliqua
1223 3068 1282 3108 non
1305 3051 1335 3107 iu
1356 3053 1402 3108 iar
1425 3052 1527 3109 termi-

196 3165 275 3212 nata.
313 3150 433 3211 Scilicet
454 3157 486 3208 ut
508 3169 547 3207 ex
569 3150 682 3208 Tuscia
703 3159 733 3208 et
753 3149 879 3208 Umbria
900 3158 929 3207 et
949 3158 1056 3228 postea
1078 3170 1116 3209 ex
1139 3169 1197 3208 una
1219 3169 1339 3227 quaque
1361 3153 1527 3230 provincia,

195 3258 237 3314 ita
263 3274 301 3312 ex
325 3253 412 3312 Latio
439 3253 672 3327 regionibusque
694 3252 817 3324 ticinis,
844 3261 932 3328 atque
959 3272 997 3310 ex
1023 3253 1084 3310 illis
1111 3253 1205 3311 multo
1228 3255 1317 3311 etiam
1339 3253 1526 3330 frequentius

195 3367 224 3416 et
245 3358 313 3415 inde
336 3357 373 3414 ab
395 3355 603 3430 antiquissimo
626 3365 768 3430 tempore,
791 3355 928 3413 homines
950 3356 1110 3431 peregrini,
1132 3356 1333 3434 negotiatores
1355 3366 1386 3416 et
1400 3359 1525 3435 opifices

194 3459 397 3536 potissimum,
424 3457 551 3515 Romam
573 3457 773 3532 migraverunt
795 3476 833 3514 ex
857 3457 983 3532 singulis
1006 3457 1125 3535 oppidis
1147 3467 1198 3516 aut
1219 3458 1331 3536 singuli
1354 3467 1405 3517 aut
1425 3463 1524 3538 pauci,

195 3564 274 3638 iique
302 3581 361 3618 non
387 3560 578 3635 patriciorum
600 3559 739 3629 clientes,
766 3559 867 3635 ibique
890 3560 989 3617 sedem
1012 3559 1150 3618 fixerunt.
1195 3559 1236 3617 Hi
1259 3580 1277 3619 a
1297 3560 1444 3621 Romanis
1466 3563 1526 3641 pri-

195 3685 274 3723 mum
300 3663 429 3721 breviter
457 3662 528 3720 dicti
555 3671 624 3719 sunt
650 3670 702 3718 aut
728 3679 759 3718 se
785 3662 867 3737 ipsos
890 3661 1031 3719 dixerunt
1052 3681 1071 3719 a
1091 3662 1189 3739 patria
1210 3662 1368 3737 Aefolanur
1392 3664 1526 3741 Afilanaa

147 3745 151 3759 ‘
195 3778 224 3825 et
246 3767 289 3825 sic
312 3766 467 3841 deinceps3
489 3765 519 3821 id
541 3763 621 3838 quod
644 3783 675 3821 re
698 3781 769 3820 vera
790 3763 943 3821 indicabat
964 3782 1030 3821 eum
1049 3765 1152 3840 quiex
1168 3764 1277 3823 Aetola
1290 3765 1410 3824 Afilave
1425 3769 1525 3827 oriun-

195 3870 250 3927 dus
274 3878 346 3926 erat.
382 3868 428 3924 Ita
449 3866 510 3923 lere
532 3866 609 3923 inter
631 3872 780 3924 nostrates
803 3865 846 3939 (et
868 3865 977 3942 ubique
992 3867 1123 3942 gentium
1145 3867 1232 3942 puto)
1254 3867 1376 3942 opifices
1391 3869 1524 3928 iuniores

196 3991 214 4027 a
229 3971 325 4046 patria
339 3970 463 4027 invicem
480 3987 545 4026 sese
561 3967 714 4044 appellare
730 3967 866 4026 audimus
887 3968 952 4043 (der
966 3968 1163 4046 Snaadinper,
1179 3972 1229 4028 der
1247 3949 1524 4048 maenomenon

194 4083 282 4149 atque
309 4072 447 4130 similiter
468 4071 596 4128 Iudaeos
619 4070 807 4146 potissimum
830 4070 980 4143 homines,
1008 4082 1041 4130 ut
1061 4069 1240 4130 Christianis
1262 4089 1328 4129 sese
1351 4073 1525 4150 aequipera-

195 4184 269 4246 rent,
292 4182 344 4232 aut
364 4173 430 4250 lege
452 4182 570 4231 coactos
593 4179 645 4229 aut
663 4182 770 4247 sponte
785 4175 822 4232 ab
838 4173 966 4250 oppidis,
989 4192 1026 4231 ex
1043 4174 1151 4248 quibus
1167 4173 1285 4233 oriundi
1300 4182 1381 4247 sunt,
1403 4178 1526 4234 uomina

195 4278 329 4335 videmus
346 4276 404 4334 sibi
418 4289 533 4333 sumere
556 4275 603 4349 (ut
619 4276 804 4351 Bambcrpcr,
825 4276 1029 4345 Wcrsclraner‚
1048 4275 1160 4334 similia
1174 4275 1354 4352 innumera).
1390 4277 1524 4337 Nomen·

194 4381 310 4438 elatura
337 4378 411 4435 haec
431 4378 517 4454 quasi
545 4385 612 4436 ante
641 4378 744 4436 oeulos
767 4377 853 4434 nobis
875 4379 968 4454 ponit,
990 4396 1077 4454 quem
1101 4378 1138 4436 ad
1161 4379 1282 4436 modum
1304 4378 1389 4454 plebs
1412 4381 1525 4439 urbana

195 4500 303 4558 magna
329 4501 367 4540 ex
394 4490 478 4559 parte
506 4480 633 4538 conflata
660 4500 697 4538 ex
724 4480 788 4538 eius
814 4480 932 4557 generis
954 4480 1124 4539 hominibus
1146 4490 1235 4556 atque
1257 4481 1346 4539 etiarn
1374 4500 1414 4540 ex
1441 4483 1525 4560 oppi-

195 4586 301 4643 dorum
323 4584 488 4641 dlrutornm
510 4583 658 4659 quondam
681 4582 787 4640 incolis
809 4583 921 4641 sensim
943 4592 1104 4640 consecuta
1121 4591 1168 4641 est
1182 4585 1248 4642 iura
1262 4584 1401 4643 civitatis.
1439 4583 1524 4659 Quae

195 4688 272 4745 enim
294 4686 409 4762 patriae
432 4695 545 4743 tantum
569 4684 763 4743 indicationes
786 4693 870 4742 erant
888 4684 1073 4761 singulorum
1090 4685 1242 4745 hominum
1258 4686 1288 4743 in
1304 4696 1441 4764 posteros
1456 4707 1524 4765 pro·

195 4797 321 4866 pagatae
343 4789 473 4864 speciem
496 4787 646 4845 nominum
669 4788 887 4862 gentiliciorum
911 4786 1155 4862 adsumpserunt3
1178 4790 1231 4847 sed
1253 4789 1384 4864 speciem
1398 4797 1524 4860 tanturn,

195 4910 254 4950 nou
276 4892 386 4947 iustam
408 4890 534 4947 formam
556 4891 587 4947 in
608 4894 653 4948 iac
669 4890 861 4959 desinentem,
883 4889 965 4965 quali
984 4891 1153 4965 gaudebant
1169 4891 1222 4967 qui
1236 4891 1303 4950 iure
1316 4891 1524 4952 manumissio·

196 4994 243 5051 nis
265 4993 433 5050 libertatem
455 5002 484 5050 et
505 4992 657 5050 civitatem
679 4992 776 5067 adepti
797 4999 890 5049 erant.

1186 5095 1260 5157 Asu
1373 5110 1442 5157 η,
