<?xml version="1.0" encoding="UTF-8"?>
<!DOCTYPE html PUBLIC "-//W3C//DTD XHTML 1.0 Transitional//EN"
    "http://www.w3.org/TR/xhtml1/DTD/xhtml1-transitional.dtd">
<html xmlns="http://www.w3.org/1999/xhtml" xml:lang="en" lang="en">
 <head>
  <title>
</title>
<meta http-equiv="Content-Type" content="text/html;charset=utf-8" />
  <meta name='ocr-system' content='tesseract 3.04.00' />
  <meta name='ocr-capabilities' content='ocr_page ocr_carea ocr_par ocr_line ocrx_word'/>
</head>
<body>
  <div class='ocr_page' id='page_1' title='image "./ephemerisepigra03instgoog/ephemerisepigra03instgoog_0116.png"; bbox 0 0 3458 6292; ppageno 0'>
   <div class='ocr_carea' id='block_1_1' title="bbox 275 1694 1462 1957">
    <p class='ocr_par' dir='ltr' id='par_1_1' title="bbox 275 1694 1462 1957">
     <span class='ocr_line' id='line_1_1' title="bbox 642 1694 1101 1809; baseline 0 -2"><span class='ocrx_word' id='word_1_1' title='bbox 642 1694 771 1809; x_wconf 84' lang='lat' dir='ltr'><strong>Lllll</strong></span> <span class='ocrx_word' id='word_1_2' title='bbox 795 1694 1101 1809; x_wconf 73' lang='lat' dir='ltr'><strong>GOlONIAll</strong></span> 
     </span>
     <span class='ocr_line' id='line_1_2' title="bbox 275 1877 1462 1957; baseline -0.002 -2"><span class='ocrx_word' id='word_1_3' title='bbox 275 1878 444 1955; x_wconf 71' lang='lat' dir='ltr'><strong>wiltu</strong></span> <span class='ocrx_word' id='word_1_4' title='bbox 470 1878 755 1956; x_wconf 74' lang='lat' dir='ltr'><strong>euasurum</strong></span> <span class='ocrx_word' id='word_1_5' title='bbox 781 1880 1090 1957; x_wconf 72' lang='lat' dir='ltr'><strong>vussluoavu</strong></span> <span class='ocrx_word' id='word_1_6' title='bbox 1117 1879 1227 1954; x_wconf 78' lang='lat' dir='ltr'><strong>siva</strong></span> <span class='ocrx_word' id='word_1_7' title='bbox 1253 1877 1462 1953; x_wconf 69' lang='lat' dir='ltr'><strong>vasoriis</strong></span> 
     </span>
    </p>
   </div>
   <div class='ocr_carea' id='block_1_2' title="bbox 674 2025 1067 2077">
    <p class='ocr_par' dir='ltr' id='par_1_2' title="bbox 674 2025 1067 2077">
     <span class='ocr_line' id='line_1_3' title="bbox 674 2025 1067 2077; baseline -0.003 -2"><span class='ocrx_word' id='word_1_8' title='bbox 674 2026 782 2077; x_wconf 78' lang='lat' dir='ltr'>DATA</span> <span class='ocrx_word' id='word_1_9' title='bbox 799 2028 835 2077; x_wconf 80' lang='lat' dir='ltr'><strong>A.</strong></span> <span class='ocrx_word' id='word_1_10' title='bbox 855 2028 889 2077; x_wconf 91' lang='lat' dir='ltr'><strong>V.</strong></span> <span class='ocrx_word' id='word_1_11' title='bbox 909 2026 939 2077; x_wconf 84' lang='lat' dir='ltr'><strong>C.</strong></span> <span class='ocrx_word' id='word_1_12' title='bbox 959 2025 1067 2076; x_wconf 86' lang='lat' dir='ltr'><strong>Dccx.</strong></span> 
     </span>
    </p>
   </div>
   <div class='ocr_carea' id='block_1_3' title="bbox 389 2197 1354 2261">
    <p class='ocr_par' dir='ltr' id='par_1_3' title="bbox 389 2197 1354 2261">
     <span class='ocr_line' id='line_1_4' title="bbox 389 2197 1354 2261; baseline -0.004 -2"><span class='ocrx_word' id='word_1_13' title='bbox 389 2198 744 2259; x_wconf 80' lang='lat' dir='ltr'><strong>ADDITAMENTVM</strong></span> <span class='ocrx_word' id='word_1_14' title='bbox 764 2200 824 2259; x_wconf 81' lang='lat' dir='ltr'><strong>AD</strong></span> <span class='ocrx_word' id='word_1_15' title='bbox 848 2198 1058 2261; x_wconf 81' lang='lat' dir='ltr'><strong>CORPORIS</strong></span> <span class='ocrx_word' id='word_1_16' title='bbox 1081 2197 1289 2258; x_wconf 80' lang='lat' dir='ltr'>VOLVMEN</span> <span class='ocrx_word' id='word_1_17' title='bbox 1312 2198 1354 2255; x_wconf 91' lang='lat'><strong>11.</strong></span> 
     </span>
    </p>
   </div>
   <div class='ocr_carea' id='block_1_4' title="bbox 136 2610 1543 4715">
    <p class='ocr_par' dir='ltr' id='par_1_4' title="bbox 136 2610 1543 4715">
     <span class='ocr_line' id='line_1_5' title="bbox 206 2610 1540 2773; baseline -0.003 -16"><span class='ocrx_word' id='word_1_18' title='bbox 206 2610 302 2757; x_wconf 81' lang='lat' dir='ltr'><strong>Sub</strong></span> <span class='ocrx_word' id='word_1_19' title='bbox 326 2696 417 2756; x_wconf 83' lang='lat' dir='ltr'><strong>tinem</strong></span> <span class='ocrx_word' id='word_1_20' title='bbox 437 2716 466 2757; x_wconf 75' lang='lat' dir='ltr'><strong>a</strong></span> <span class='ocrx_word' id='word_1_21' title='bbox 484 2698 563 2757; x_wconf 88' lang='grc'><strong>1870</strong></span> <span class='ocrx_word' id='word_1_22' title='bbox 585 2696 644 2755; x_wconf 87' lang='lat' dir='ltr'><strong>vel.</strong></span> <span class='ocrx_word' id='word_1_23' title='bbox 660 2698 782 2756; x_wconf 85' lang='lat' dir='ltr'><strong>ineunte</strong></span> <span class='ocrx_word' id='word_1_24' title='bbox 803 2715 829 2755; x_wconf 88' lang='lat' dir='ltr'><strong>a.</strong></span> <span class='ocrx_word' id='word_1_25' title='bbox 849 2697 926 2756; x_wconf 82' lang='lat'>1871</span> <span class='ocrx_word' id='word_1_26' title='bbox 950 2708 1086 2773; x_wconf 79' lang='lat' dir='ltr'><strong>repertae</strong></span> <span class='ocrx_word' id='word_1_27' title='bbox 1114 2707 1184 2755; x_wconf 89' lang='lat' dir='ltr'><strong>sunt</strong></span> <span class='ocrx_word' id='word_1_28' title='bbox 1211 2697 1330 2754; x_wconf 84' lang='lat' dir='ltr'><strong>tabulae</strong></span> <span class='ocrx_word' id='word_1_29' title='bbox 1353 2714 1457 2753; x_wconf 84' lang='lat' dir='ltr'><strong>aereae</strong></span> <span class='ocrx_word' id='word_1_30' title='bbox 1480 2704 1540 2753; x_wconf 87' lang='lat' dir='ltr'><strong>tres</strong></span> 
     </span>
     <span class='ocr_line' id='line_1_6' title="bbox 203 2796 1540 2877; baseline -0.002 -20"><span class='ocrx_word' id='word_1_31' title='bbox 203 2816 303 2877; x_wconf 82' lang='lat' dir='ltr'><strong>prope</strong></span> <span class='ocrx_word' id='word_1_32' title='bbox 318 2796 478 2871; x_wconf 83' lang='lat' dir='ltr'><strong>Ursouem,</strong></span> <span class='ocrx_word' id='word_1_33' title='bbox 499 2818 575 2876; x_wconf 85' lang='lat' dir='ltr'><strong>quae</strong></span> <span class='ocrx_word' id='word_1_34' title='bbox 595 2800 685 2858; x_wconf 84' lang='lat' dir='ltr'><strong>hodie</strong></span> <span class='ocrx_word' id='word_1_35' title='bbox 701 2800 803 2859; x_wconf 81' lang='lat' dir='ltr'><strong>Osaaa</strong></span> <span class='ocrx_word' id='word_1_36' title='bbox 824 2810 882 2871; x_wconf 82' lang='lat' dir='ltr'><strong>est,</strong></span> <span class='ocrx_word' id='word_1_37' title='bbox 904 2800 935 2858; x_wconf 90' lang='lat' dir='ltr'><strong>iu</strong></span> <span class='ocrx_word' id='word_1_38' title='bbox 951 2799 1100 2876; x_wconf 81' lang='lat' dir='ltr'>Hispania</span> <span class='ocrx_word' id='word_1_39' title='bbox 1116 2798 1289 2875; x_wconf 85' lang='lat' dir='ltr'><strong>Baetiea¹)‚</strong></span> <span class='ocrx_word' id='word_1_40' title='bbox 1312 2799 1378 2856; x_wconf 87' lang='lat' dir='ltr'><strong>loco</strong></span> <span class='ocrx_word' id='word_1_41' title='bbox 1401 2798 1540 2873; x_wconf 87' lang='lat' dir='ltr'><strong>quodam,</strong></span> 
     </span>
     <span class='ocr_line' id='line_1_7' title="bbox 203 2900 1543 2979; baseline -0.003 -20"><span class='ocrx_word' id='word_1_42' title='bbox 203 2920 297 2979; x_wconf 82' lang='lat' dir='ltr'><strong>quem</strong></span> <span class='ocrx_word' id='word_1_43' title='bbox 319 2902 490 2960; x_wconf 76' lang='lat' dir='ltr'><strong>accuratius</strong></span> <span class='ocrx_word' id='word_1_44' title='bbox 511 2901 539 2959; x_wconf 88' lang='lat' dir='ltr'><strong>is</strong></span> <span class='ocrx_word' id='word_1_45' title='bbox 561 2903 614 2978; x_wconf 91' lang='lat' dir='ltr'><strong>qui</strong></span> <span class='ocrx_word' id='word_1_46' title='bbox 634 2902 749 2962; x_wconf 88' lang='lat' dir='ltr'><strong>invenit</strong></span> <span class='ocrx_word' id='word_1_47' title='bbox 771 2903 904 2961; x_wconf 87' lang='lat' dir='ltr'><strong>iudicare</strong></span> <span class='ocrx_word' id='word_1_48' title='bbox 925 2902 1032 2959; x_wconf 87' lang='lat' dir='ltr'><strong>noluit.</strong></span> <span class='ocrx_word' id='word_1_49' title='bbox 1067 2900 1126 2974; x_wconf 85' lang='lat' dir='ltr'><strong>Qui</strong></span> <span class='ocrx_word' id='word_1_50' title='bbox 1149 2903 1276 2979; x_wconf 88' lang='lat' dir='ltr'><strong>primum</strong></span> <span class='ocrx_word' id='word_1_51' title='bbox 1299 2901 1456 2979; x_wconf 82' lang='lat' dir='ltr'><strong>propagati</strong></span> <span class='ocrx_word' id='word_1_52' title='bbox 1472 2908 1543 2958; x_wconf 88' lang='lat' dir='ltr'><strong>sunt</strong></span> 
     </span>
     <span class='ocr_line' id='line_1_8' title="bbox 201 3001 1539 3081; baseline -0.002 -19"><span class='ocrx_word' id='word_1_53' title='bbox 201 3022 262 3081; x_wconf 83' lang='lat' dir='ltr'><strong>per</strong></span> <span class='ocrx_word' id='word_1_54' title='bbox 280 3004 395 3063; x_wconf 78' lang='lat' dir='ltr'><strong>amieos</strong></span> <span class='ocrx_word' id='word_1_55' title='bbox 410 3002 609 3081; x_wconf 86' lang='lat' dir='ltr'><strong>Hispalenses</strong></span> <span class='ocrx_word' id='word_1_56' title='bbox 632 3005 668 3063; x_wconf 87' lang='lat' dir='ltr'><strong>de</strong></span> <span class='ocrx_word' id='word_1_57' title='bbox 688 3005 746 3062; x_wconf 86' lang='lat' dir='ltr'><strong>hoe</strong></span> <span class='ocrx_word' id='word_1_58' title='bbox 766 3006 888 3063; x_wconf 83' lang='lat' dir='ltr'><strong>invento</strong></span> <span class='ocrx_word' id='word_1_59' title='bbox 910 3022 1045 3063; x_wconf 85' lang='lat' dir='ltr'><strong>rumores</strong></span> <span class='ocrx_word' id='word_1_60' title='bbox 1062 3006 1130 3080; x_wconf 86' lang='lat' dir='ltr'><strong>vagi</strong></span> <span class='ocrx_word' id='word_1_61' title='bbox 1152 3014 1182 3063; x_wconf 88' lang='lat' dir='ltr'><strong>et</strong></span> <span class='ocrx_word' id='word_1_62' title='bbox 1202 3022 1298 3080; x_wconf 84' lang='lat' dir='ltr'><strong>paene</strong></span> <span class='ocrx_word' id='word_1_63' title='bbox 1317 3003 1445 3061; x_wconf 77' lang='lat' dir='ltr'>fabulosi</span> <span class='ocrx_word' id='word_1_64' title='bbox 1468 3001 1539 3076; x_wconf 86' lang='lat' dir='ltr'><strong>(sci-</strong></span> 
     </span>
     <span class='ocr_line' id='line_1_9' title="bbox 202 3103 1541 3185; baseline -0.002 -22"><span class='ocrx_word' id='word_1_65' title='bbox 202 3106 277 3165; x_wconf 83' lang='lat' dir='ltr'><strong>liust</strong></span> <span class='ocrx_word' id='word_1_66' title='bbox 301 3105 473 3181; x_wconf 82' lang='lat' dir='ltr'><strong>quindecim</strong></span> <span class='ocrx_word' id='word_1_67' title='bbox 495 3106 543 3165; x_wconf 86' lang='lat' dir='ltr'><strong>vel</strong></span> <span class='ocrx_word' id='word_1_68' title='bbox 565 3105 641 3165; x_wconf 86' lang='lat' dir='ltr'><strong>adeo</strong></span> <span class='ocrx_word' id='word_1_69' title='bbox 663 3116 724 3165; x_wconf 87' lang='lat' dir='ltr'><strong>tres</strong></span> <span class='ocrx_word' id='word_1_70' title='bbox 746 3115 777 3166; x_wconf 87' lang='lat' dir='ltr'><strong>et</strong></span> <span class='ocrx_word' id='word_1_71' title='bbox 797 3107 902 3185; x_wconf 82' lang='lat' dir='ltr'><strong>viginti</strong></span> <span class='ocrx_word' id='word_1_72' title='bbox 925 3106 1044 3165; x_wconf 87' lang='lat' dir='ltr'><strong>tabulas</strong></span> <span class='ocrx_word' id='word_1_73' title='bbox 1066 3107 1226 3182; x_wconf 84' lang='lat' dir='ltr'><strong>inscriptas</strong></span> <span class='ocrx_word' id='word_1_74' title='bbox 1249 3114 1383 3182; x_wconf 88' lang='lat' dir='ltr'><strong>repertas</strong></span> <span class='ocrx_word' id='word_1_75' title='bbox 1406 3123 1475 3163; x_wconf 84' lang='lat' dir='ltr'><strong>esse</strong></span> <span class='ocrx_word' id='word_1_76' title='bbox 1496 3103 1541 3161; x_wconf 89' lang='lat' dir='ltr'><strong>illi</strong></span> 
     </span>
     <span class='ocr_line' id='line_1_10' title="bbox 202 3206 1542 3286; baseline -0.004 -19"><span class='ocrx_word' id='word_1_77' title='bbox 202 3206 432 3285; x_wconf 73' lang='lat' dir='ltr'><strong>nuntiaverant)</strong></span> <span class='ocrx_word' id='word_1_78' title='bbox 453 3226 623 3285; x_wconf 84' lang='lat' dir='ltr'><strong>quanquam</strong></span> <span class='ocrx_word' id='word_1_79' title='bbox 645 3222 753 3285; x_wconf 90' lang='lat' dir='ltr'><strong>postea</strong></span> <span class='ocrx_word' id='word_1_80' title='bbox 773 3210 959 3286; x_wconf 84' lang='lat' dir='ltr'><strong>comprobati</strong></span> <span class='ocrx_word' id='word_1_81' title='bbox 983 3228 1041 3266; x_wconf 87' lang='lat' dir='ltr'><strong>nou</strong></span> <span class='ocrx_word' id='word_1_82' title='bbox 1064 3218 1146 3280; x_wconf 85' lang='lat' dir='ltr'><strong>sunt,</strong></span> <span class='ocrx_word' id='word_1_83' title='bbox 1172 3218 1271 3267; x_wconf 86' lang='lat' dir='ltr'><strong>tamen</strong></span> <span class='ocrx_word' id='word_1_84' title='bbox 1294 3208 1358 3265; x_wconf 85' lang='lat' dir='ltr'><strong>fieri</strong></span> <span class='ocrx_word' id='word_1_85' title='bbox 1381 3224 1485 3282; x_wconf 83' lang='lat' dir='ltr'><strong>posse,</strong></span> <span class='ocrx_word' id='word_1_86' title='bbox 1510 3216 1542 3263; x_wconf 88' lang='lat' dir='ltr'><strong>ut</strong></span> 
     </span>
     <span class='ocr_line' id='line_1_11' title="bbox 201 3309 1541 3389; baseline -0.001 -20"><span class='ocrx_word' id='word_1_87' title='bbox 201 3318 327 3389; x_wconf 82' lang='lat' dir='ltr'><strong>praeter</strong></span> <span class='ocrx_word' id='word_1_88' title='bbox 351 3318 413 3369; x_wconf 85' lang='lat' dir='ltr'><strong>tres</strong></span> <span class='ocrx_word' id='word_1_89' title='bbox 438 3309 558 3370; x_wconf 85' lang='lat' dir='ltr'><strong>tabulas</strong></span> <span class='ocrx_word' id='word_1_90' title='bbox 583 3319 692 3388; x_wconf 87' lang='lat' dir='ltr'><strong>postea</strong></span> <span class='ocrx_word' id='word_1_91' title='bbox 716 3311 851 3388; x_wconf 85' lang='lat' dir='ltr'><strong>prolatas</strong></span> <span class='ocrx_word' id='word_1_92' title='bbox 879 3321 932 3368; x_wconf 86' lang='lat' dir='ltr'><strong>aut</strong></span> <span class='ocrx_word' id='word_1_93' title='bbox 957 3330 1017 3369; x_wconf 86' lang='lat' dir='ltr'><strong>una</strong></span> <span class='ocrx_word' id='word_1_94' title='bbox 1043 3322 1095 3369; x_wconf 84' lang='lat' dir='ltr'><strong>aut</strong></span> <span class='ocrx_word' id='word_1_95' title='bbox 1121 3310 1222 3387; x_wconf 88' lang='lat' dir='ltr'><strong>plures</strong></span> <span class='ocrx_word' id='word_1_96' title='bbox 1250 3311 1380 3387; x_wconf 86' lang='lat' dir='ltr'><strong>amplius</strong></span> <span class='ocrx_word' id='word_1_97' title='bbox 1408 3309 1541 3367; x_wconf 83' lang='lat' dir='ltr'><strong>detectae</strong></span> 
     </span>
     <span class='ocr_line' id='line_1_12' title="bbox 202 3412 1540 3489; baseline -0.004 -16"><span class='ocrx_word' id='word_1_98' title='bbox 202 3412 280 3485; x_wconf 77' lang='lat' dir='ltr'><strong>sint,</strong></span> <span class='ocrx_word' id='word_1_99' title='bbox 310 3412 364 3471; x_wconf 81' lang='lat' dir='ltr'><strong>sed</strong></span> <span class='ocrx_word' id='word_1_100' title='bbox 391 3412 521 3485; x_wconf 86' lang='lat' dir='ltr'><strong>aelatae,</strong></span> <span class='ocrx_word' id='word_1_101' title='bbox 550 3414 602 3489; x_wconf 87' lang='lat' dir='ltr'><strong>qui</strong></span> <span class='ocrx_word' id='word_1_102' title='bbox 630 3413 784 3471; x_wconf 88' lang='lat' dir='ltr'><strong>homiuum</strong></span> <span class='ocrx_word' id='word_1_103' title='bbox 811 3414 887 3472; x_wconf 88' lang='lat' dir='ltr'><strong>lucri</strong></span> <span class='ocrx_word' id='word_1_104' title='bbox 916 3414 1175 3489; x_wconf 84' lang='lat' dir='ltr'><strong>cupidissimorum</strong></span> <span class='ocrx_word' id='word_1_105' title='bbox 1204 3414 1342 3472; x_wconf 86' lang='lat' dir='ltr'><strong>astutiam</strong></span> <span class='ocrx_word' id='word_1_106' title='bbox 1373 3412 1455 3469; x_wconf 87' lang='lat' dir='ltr'><strong>novit</strong></span> <span class='ocrx_word' id='word_1_107' title='bbox 1482 3429 1540 3468; x_wconf 88' lang='lat' dir='ltr'><strong>nou</strong></span> 
     </span>
     <span class='ocr_line' id='line_1_13' title="bbox 202 3514 1541 3593; baseline -0.004 -18"><span class='ocrx_word' id='word_1_108' title='bbox 202 3514 345 3593; x_wconf 78' lang='lat' dir='ltr'><strong>negabit3</strong></span> <span class='ocrx_word' id='word_1_109' title='bbox 371 3514 477 3573; x_wconf 84' lang='lat' dir='ltr'><strong>tertiae</strong></span> <span class='ocrx_word' id='word_1_110' title='bbox 504 3534 524 3574; x_wconf 87' lang='lat' dir='ltr'><strong>a</strong></span> <span class='ocrx_word' id='word_1_111' title='bbox 549 3532 582 3574; x_wconf 87' lang='lat' dir='ltr'><strong>se</strong></span> <span class='ocrx_word' id='word_1_112' title='bbox 607 3515 705 3574; x_wconf 84' lang='lat' dir='ltr'><strong>editae</strong></span> <span class='ocrx_word' id='word_1_113' title='bbox 731 3526 845 3592; x_wconf 83' lang='lat' dir='ltr'><strong>partem</strong></span> <span class='ocrx_word' id='word_1_114' title='bbox 868 3534 946 3592; x_wconf 87' lang='lat' dir='ltr'><strong>quae</strong></span> <span class='ocrx_word' id='word_1_115' title='bbox 967 3516 1152 3574; x_wconf 83' lang='lat' dir='ltr'><strong>desideratur</strong></span> <span class='ocrx_word' id='word_1_116' title='bbox 1174 3527 1203 3574; x_wconf 83' lang='lat' dir='ltr'><strong>et</strong></span> <span class='ocrx_word' id='word_1_117' title='bbox 1224 3517 1320 3591; x_wconf 89' lang='lat' dir='ltr'><strong>ipsam</strong></span> <span class='ocrx_word' id='word_1_118' title='bbox 1343 3525 1462 3585; x_wconf 81' lang='lat' dir='ltr'><strong>extare,</strong></span> <span class='ocrx_word' id='word_1_119' title='bbox 1489 3514 1541 3571; x_wconf 89' lang='lat' dir='ltr'><strong>sed</strong></span> 
     </span>
     <span class='ocr_line' id='line_1_14' title="bbox 136 3614 1538 3696; baseline -0.004 -19"><span class='ocrx_word' id='word_1_120' title='bbox 136 3658 142 3665; x_wconf 96' lang='lat'>-</span> <span class='ocrx_word' id='word_1_121' title='bbox 201 3616 305 3677; x_wconf 71' lang='lat' dir='ltr'><strong>adhue</strong></span> <span class='ocrx_word' id='word_1_122' title='bbox 325 3614 434 3689; x_wconf 73' lang='lat' dir='ltr'><strong>eelarI,</strong></span> <span class='ocrx_word' id='word_1_123' title='bbox 459 3616 550 3675; x_wconf 81' lang='lat' dir='ltr'><strong>etium</strong></span> <span class='ocrx_word' id='word_1_124' title='bbox 571 3616 723 3695; x_wconf 80' lang='lat' dir='ltr'><strong>Berlanga</strong></span> <span class='ocrx_word' id='word_1_125' title='bbox 743 3618 897 3693; x_wconf 78' lang='lat' dir='ltr'><strong>probabile</strong></span> <span class='ocrx_word' id='word_1_126' title='bbox 919 3636 985 3676; x_wconf 83' lang='lat' dir='ltr'><strong>esse</strong></span> <span class='ocrx_word' id='word_1_127' title='bbox 1010 3618 1132 3677; x_wconf 81' lang='lat' dir='ltr'><strong>iudicat.</strong></span> <span class='ocrx_word' id='word_1_128' title='bbox 1175 3619 1304 3696; x_wconf 84' lang='lat' dir='ltr'><strong>Emptae</strong></span> <span class='ocrx_word' id='word_1_129' title='bbox 1325 3626 1394 3675; x_wconf 88' lang='lat' dir='ltr'><strong>sunt</strong></span> <span class='ocrx_word' id='word_1_130' title='bbox 1416 3636 1443 3674; x_wconf 87' lang='lat' dir='ltr'><strong>a.</strong></span> <span class='ocrx_word' id='word_1_131' title='bbox 1462 3616 1538 3673; x_wconf 84' lang='lat'>1871</span> 
     </span>
     <span class='ocr_line' id='line_1_15' title="bbox 201 3718 1542 3798; baseline -0.001 -19"><span class='ocrx_word' id='word_1_132' title='bbox 201 3718 329 3779; x_wconf 78' lang='lat' dir='ltr'><strong>tabulae</strong></span> <span class='ocrx_word' id='word_1_133' title='bbox 350 3718 423 3777; x_wconf 78' lang='lat' dir='ltr'><strong>illae</strong></span> <span class='ocrx_word' id='word_1_134' title='bbox 444 3726 507 3779; x_wconf 86' lang='lat' dir='ltr'><strong>tres</strong></span> <span class='ocrx_word' id='word_1_135' title='bbox 527 3738 547 3777; x_wconf 82' lang='lat' dir='ltr'><strong>a</strong></span> <span class='ocrx_word' id='word_1_136' title='bbox 567 3719 731 3779; x_wconf 84' lang='lat' dir='ltr'><strong>Francisco</strong></span> <span class='ocrx_word' id='word_1_137' title='bbox 754 3718 1121 3779; x_wconf 84' lang='lat' dir='ltr'><strong>Caballero-lniante</strong></span> <span class='ocrx_word' id='word_1_138' title='bbox 1143 3740 1162 3797; x_wconf 88' lang='lat' dir='ltr'>y</span> <span class='ocrx_word' id='word_1_139' title='bbox 1185 3722 1321 3794; x_wconf 82' lang='lat' dir='ltr'><strong>Zuazo,</strong></span> <span class='ocrx_word' id='word_1_140' title='bbox 1349 3723 1407 3781; x_wconf 85' lang='lat' dir='ltr'><strong>civi</strong></span> <span class='ocrx_word' id='word_1_141' title='bbox 1429 3723 1542 3798; x_wconf 88' lang='lat' dir='ltr'><strong>Hispa-</strong></span> 
     </span>
     <span class='ocr_line' id='line_1_16' title="bbox 201 3818 1542 3899; baseline 0 -18"><span class='ocrx_word' id='word_1_142' title='bbox 201 3822 301 3895; x_wconf 79' lang='lat' dir='ltr'><strong>lensi‚</strong></span> <span class='ocrx_word' id='word_1_143' title='bbox 327 3828 360 3881; x_wconf 80' lang='lat' dir='ltr'><strong>et</strong></span> <span class='ocrx_word' id='word_1_144' title='bbox 378 3818 531 3899; x_wconf 75' lang='lat' dir='ltr'><strong>Hispalim</strong></span> <span class='ocrx_word' id='word_1_145' title='bbox 557 3822 722 3881; x_wconf 84' lang='lat' dir='ltr'><strong>translatae</strong></span> <span class='ocrx_word' id='word_1_146' title='bbox 748 3822 779 3879; x_wconf 88' lang='lat' dir='ltr'><strong>in</strong></span> <span class='ocrx_word' id='word_1_147' title='bbox 807 3821 928 3881; x_wconf 87' lang='lat' dir='ltr'><strong>domum</strong></span> <span class='ocrx_word' id='word_1_148' title='bbox 954 3823 1065 3898; x_wconf 87' lang='lat' dir='ltr'><strong>ipsius,</strong></span> <span class='ocrx_word' id='word_1_149' title='bbox 1093 3824 1143 3880; x_wconf 90' lang='lat' dir='ltr'><strong>ubi</strong></span> <span class='ocrx_word' id='word_1_150' title='bbox 1166 3824 1263 3881; x_wconf 86' lang='lat' dir='ltr'><strong>adhuc</strong></span> <span class='ocrx_word' id='word_1_151' title='bbox 1285 3832 1451 3883; x_wconf 84' lang='lat' dir='ltr'><strong>servantur.</strong></span> <span class='ocrx_word' id='word_1_152' title='bbox 1496 3824 1542 3882; x_wconf 88' lang='lat' dir='ltr'><strong>lbi</strong></span> 
     </span>
     <span class='ocr_line' id='line_1_17' title="bbox 200 3922 1542 4003; baseline 0 -20"><span class='ocrx_word' id='word_1_153' title='bbox 200 3934 369 4003; x_wconf 81' lang='lat' dir='ltr'><strong>postquam</strong></span> <span class='ocrx_word' id='word_1_154' title='bbox 395 3922 525 3999; x_wconf 85' lang='lat' dir='ltr'><strong>amplius</strong></span> <span class='ocrx_word' id='word_1_155' title='bbox 552 3941 662 3983; x_wconf 87' lang='lat' dir='ltr'><strong>anuum</strong></span> <span class='ocrx_word' id='word_1_156' title='bbox 689 3924 840 4000; x_wconf 84' lang='lat' dir='ltr'><strong>integrum</strong></span> <span class='ocrx_word' id='word_1_157' title='bbox 867 3924 995 3983; x_wconf 88' lang='lat' dir='ltr'><strong>ineditae</strong></span> <span class='ocrx_word' id='word_1_158' title='bbox 1017 3936 1240 3998; x_wconf 83' lang='lat' dir='ltr'><strong>remanserunt,</strong></span> <span class='ocrx_word' id='word_1_159' title='bbox 1269 3927 1344 3985; x_wconf 79' lang='lat' dir='ltr'><strong>vidit</strong></span> <span class='ocrx_word' id='word_1_160' title='bbox 1365 3945 1416 3985; x_wconf 86' lang='lat' dir='ltr'><strong>eas</strong></span> <span class='ocrx_word' id='word_1_161' title='bbox 1439 3945 1542 3983; x_wconf 85' lang='lat' dir='ltr'><strong>meuse</strong></span> 
     </span>
     <span class='ocr_line' id='line_1_18' title="bbox 150 4012 1542 4106; baseline 0.001 -21"><span class='ocrx_word' id='word_1_162' title='bbox 150 4012 156 4021; x_wconf 49' lang='lat'>¹</span> <span class='ocrx_word' id='word_1_163' title='bbox 200 4026 320 4085; x_wconf 69' lang='lat' dir='ltr'><strong>Martio</strong></span> <span class='ocrx_word' id='word_1_164' title='bbox 341 4044 369 4083; x_wconf 76' lang='lat' dir='ltr'><strong>a.</strong></span> <span class='ocrx_word' id='word_1_165' title='bbox 386 4023 468 4085; x_wconf 77' lang='lat'><strong>1872</strong></span> <span class='ocrx_word' id='word_1_166' title='bbox 489 4024 668 4085; x_wconf 78' lang='lat' dir='ltr'><strong>Emmanuel</strong></span> <span class='ocrx_word' id='word_1_167' title='bbox 681 4026 866 4103; x_wconf 84' lang='lat' dir='ltr'><strong>Berlanga</strong></span> <span class='ocrx_word' id='word_1_168' title='bbox 879 4026 1079 4085; x_wconf 86' lang='lat' dir='ltr'><strong>Malacitanus</strong></span> <span class='ocrx_word' id='word_1_169' title='bbox 1100 4028 1139 4098; x_wconf 84' lang='lat' dir='ltr'><strong>is,</strong></span> <span class='ocrx_word' id='word_1_170' title='bbox 1161 4029 1211 4103; x_wconf 89' lang='lat' dir='ltr'><strong>qui</strong></span> <span class='ocrx_word' id='word_1_171' title='bbox 1233 4041 1302 4087; x_wconf 88' lang='lat' dir='ltr'><strong>ante</strong></span> <span class='ocrx_word' id='word_1_172' title='bbox 1320 4030 1424 4106; x_wconf 81' lang='lat' dir='ltr'><strong>viginti</strong></span> <span class='ocrx_word' id='word_1_173' title='bbox 1447 4047 1542 4086; x_wconf 89' lang='lat' dir='ltr'><strong>annos</strong></span> 
     </span>
     <span class='ocr_line' id='line_1_19' title="bbox 200 4125 1543 4207; baseline -0.002 -18"><span class='ocrx_word' id='word_1_174' title='bbox 200 4128 327 4189; x_wconf 72' lang='lat' dir='ltr'><strong>tubulas</strong></span> <span class='ocrx_word' id='word_1_175' title='bbox 347 4126 560 4187; x_wconf 80' lang='lat' dir='ltr'><strong>Mulaeitanam</strong></span> <span class='ocrx_word' id='word_1_176' title='bbox 587 4137 617 4185; x_wconf 90' lang='lat' dir='ltr'><strong>et</strong></span> <span class='ocrx_word' id='word_1_177' title='bbox 639 4126 858 4206; x_wconf 83' lang='lat' dir='ltr'><strong>Salpensauam</strong></span> <span class='ocrx_word' id='word_1_178' title='bbox 880 4125 930 4203; x_wconf 87' lang='lat' dir='ltr'><strong>(C.</strong></span> <span class='ocrx_word' id='word_1_179' title='bbox 947 4128 971 4186; x_wconf 92' lang='lat' dir='ltr'><strong>l.</strong></span> <span class='ocrx_word' id='word_1_180' title='bbox 986 4129 1023 4187; x_wconf 87' lang='lat' dir='ltr'><strong>L.</strong></span> <span class='ocrx_word' id='word_1_181' title='bbox 1045 4130 1317 4206; x_wconf 81' lang='grc' dir='ltr'><strong>ΙΙ,1863.1961)</strong></span> <span class='ocrx_word' id='word_1_182' title='bbox 1344 4132 1458 4207; x_wconf 88' lang='lat' dir='ltr'><strong>primus</strong></span> <span class='ocrx_word' id='word_1_183' title='bbox 1481 4130 1543 4189; x_wconf 86' lang='lat' dir='ltr'><strong>edi-</strong></span> 
     </span>
     <span class='ocr_line' id='line_1_20' title="bbox 199 4228 1543 4307; baseline -0.001 -16"><span class='ocrx_word' id='word_1_184' title='bbox 199 4232 304 4303; x_wconf 67' lang='grc' dir='ltr'><strong>ἀει-11,</strong></span> <span class='ocrx_word' id='word_1_185' title='bbox 324 4240 358 4289; x_wconf 85' lang='lat' dir='ltr'><strong>et</strong></span> <span class='ocrx_word' id='word_1_186' title='bbox 378 4250 397 4289; x_wconf 83' lang='lat' dir='ltr'><strong>a</strong></span> <span class='ocrx_word' id='word_1_187' title='bbox 417 4228 539 4288; x_wconf 82' lang='lat' dir='ltr'><strong>domino</strong></span> <span class='ocrx_word' id='word_1_188' title='bbox 560 4239 685 4307; x_wconf 82' lang='lat' dir='ltr'><strong>rugatus</strong></span> <span class='ocrx_word' id='word_1_189' title='bbox 707 4251 774 4289; x_wconf 88' lang='lat' dir='ltr'><strong>cum</strong></span> <span class='ocrx_word' id='word_1_190' title='bbox 796 4231 927 4289; x_wconf 86' lang='lat' dir='ltr'><strong>edendas</strong></span> <span class='ocrx_word' id='word_1_191' title='bbox 951 4250 1001 4289; x_wconf 87' lang='lat' dir='ltr'><strong>eas</strong></span> <span class='ocrx_word' id='word_1_192' title='bbox 1024 4233 1217 4307; x_wconf 79' lang='lat' dir='ltr'><strong>suscepisset,</strong></span> <span class='ocrx_word' id='word_1_193' title='bbox 1240 4245 1346 4290; x_wconf 81' lang='lat' dir='ltr'><strong>octavo</strong></span> <span class='ocrx_word' id='word_1_194' title='bbox 1366 4251 1466 4291; x_wconf 84' lang='lat' dir='ltr'><strong>mense</strong></span> <span class='ocrx_word' id='word_1_195' title='bbox 1482 4233 1543 4289; x_wconf 89' lang='lat' dir='ltr'><strong>edi-</strong></span> 
     </span>
     <span class='ocr_line' id='line_1_21' title="bbox 197 4331 1543 4410; baseline -0.002 -16"><span class='ocrx_word' id='word_1_196' title='bbox 197 4336 321 4395; x_wconf 86' lang='lat' dir='ltr'><strong>tionem</strong></span> <span class='ocrx_word' id='word_1_197' title='bbox 342 4332 479 4391; x_wconf 81' lang='lat' dir='ltr'><strong>Malacae</strong></span> <span class='ocrx_word' id='word_1_198' title='bbox 505 4331 637 4391; x_wconf 77' lang='lat' dir='ltr'><strong>absolvit</strong></span> <span class='ocrx_word' id='word_1_199' title='bbox 661 4333 738 4391; x_wconf 83' lang='lat' dir='ltr'><strong>inter</strong></span> <span class='ocrx_word' id='word_1_200' title='bbox 764 4332 867 4392; x_wconf 84' lang='lat' dir='ltr'><strong>turbas</strong></span> <span class='ocrx_word' id='word_1_201' title='bbox 894 4332 1011 4403; x_wconf 85' lang='lat' dir='ltr'><strong>civiles,</strong></span> <span class='ocrx_word' id='word_1_202' title='bbox 1039 4350 1115 4409; x_wconf 86' lang='lat' dir='ltr'><strong>quae</strong></span> <span class='ocrx_word' id='word_1_203' title='bbox 1141 4342 1174 4391; x_wconf 86' lang='lat' dir='ltr'><strong>ut</strong></span> <span class='ocrx_word' id='word_1_204' title='bbox 1195 4335 1323 4410; x_wconf 81' lang='lat' dir='ltr'><strong>patriam</strong></span> <span class='ocrx_word' id='word_1_205' title='bbox 1345 4354 1399 4410; x_wconf 86' lang='lat' dir='ltr'><strong>per</strong></span> <span class='ocrx_word' id='word_1_206' title='bbox 1420 4335 1543 4410; x_wconf 81' lang='lat' dir='ltr'><strong>aliquod</strong></span> 
     </span>
     <span class='ocr_line' id='line_1_22' title="bbox 196 4434 1543 4515; baseline -0.002 -18"><span class='ocrx_word' id='word_1_207' title='bbox 196 4435 354 4515; x_wconf 83' lang='lat' dir='ltr'><strong>temporis</strong></span> <span class='ocrx_word' id='word_1_208' title='bbox 375 4434 506 4511; x_wconf 83' lang='lat' dir='ltr'><strong>spatium</strong></span> <span class='ocrx_word' id='word_1_209' title='bbox 526 4434 708 4511; x_wconf 84' lang='lat' dir='ltr'><strong>relinqueret</strong></span> <span class='ocrx_word' id='word_1_210' title='bbox 729 4448 759 4493; x_wconf 87' lang='lat' dir='ltr'><strong>et</strong></span> <span class='ocrx_word' id='word_1_211' title='bbox 779 4436 811 4493; x_wconf 89' lang='lat' dir='ltr'><strong>in</strong></span> <span class='ocrx_word' id='word_1_212' title='bbox 826 4434 959 4493; x_wconf 84' lang='lat' dir='ltr'><strong>Africam</strong></span> <span class='ocrx_word' id='word_1_213' title='bbox 979 4437 1121 4513; x_wconf 79' lang='lat' dir='ltr'><strong>migraret</strong></span> <span class='ocrx_word' id='word_1_214' title='bbox 1135 4446 1304 4511; x_wconf 83' lang='lat' dir='ltr'><strong>coegerunt.</strong></span> <span class='ocrx_word' id='word_1_215' title='bbox 1338 4437 1454 4496; x_wconf 88' lang='lat' dir='ltr'><strong>Prodiit</strong></span> <span class='ocrx_word' id='word_1_216' title='bbox 1469 4438 1543 4494; x_wconf 90' lang='lat' dir='ltr'><strong>liber</strong></span> 
     </span>
     <span class='ocr_line' id='line_1_23' title="bbox 196 4534 1543 4616; baseline -0.003 -16"><span class='ocrx_word' id='word_1_217' title='bbox 196 4556 312 4601; x_wconf 78' lang='lat' dir='ltr'><strong>mense</strong></span> <span class='ocrx_word' id='word_1_218' title='bbox 325 4534 488 4597; x_wconf 75' lang='lat' dir='ltr'><strong>Decembri</strong></span> <span class='ocrx_word' id='word_1_219' title='bbox 509 4554 536 4595; x_wconf 83' lang='lat' dir='ltr'><strong>a.</strong></span> <span class='ocrx_word' id='word_1_220' title='bbox 552 4534 643 4607; x_wconf 75' lang='lat'>1872,</span> <span class='ocrx_word' id='word_1_221' title='bbox 664 4538 746 4614; x_wconf 86' lang='lat' dir='ltr'><strong>typis</strong></span> <span class='ocrx_word' id='word_1_222' title='bbox 768 4557 806 4595; x_wconf 88' lang='lat' dir='ltr'><strong>ex</strong></span> <span class='ocrx_word' id='word_1_223' title='bbox 827 4547 912 4614; x_wconf 85' lang='lat' dir='ltr'><strong>parte</strong></span> <span class='ocrx_word' id='word_1_224' title='bbox 927 4557 1076 4597; x_wconf 79' lang='lat' dir='ltr'><strong>exeussus</strong></span> <span class='ocrx_word' id='word_1_225' title='bbox 1091 4538 1352 4612; x_wconf 86' lang='lat' dir='ltr'><strong>Beroliuensibus,</strong></span> <span class='ocrx_word' id='word_1_226' title='bbox 1374 4540 1453 4616; x_wconf 86' lang='lat' dir='ltr'><strong>apud</strong></span> <span class='ocrx_word' id='word_1_227' title='bbox 1469 4541 1543 4596; x_wconf 89' lang='lat' dir='ltr'><strong>Am·</strong></span> 
     </span>
     <span class='ocr_line' id='line_1_24' title="bbox 197 4638 1202 4715; baseline -0.004 -12"><span class='ocrx_word' id='word_1_228' title='bbox 197 4640 344 4703; x_wconf 79' lang='lat' dir='ltr'><strong>brasium</strong></span> <span class='ocrx_word' id='word_1_229' title='bbox 365 4638 468 4699; x_wconf 81' lang='lat' dir='ltr'><strong>Rubio</strong></span> <span class='ocrx_word' id='word_1_230' title='bbox 488 4646 520 4698; x_wconf 87' lang='lat' dir='ltr'><strong>et</strong></span> <span class='ocrx_word' id='word_1_231' title='bbox 539 4638 732 4715; x_wconf 80' lang='lat' dir='ltr'><strong>Alpheusum</strong></span> <span class='ocrx_word' id='word_1_232' title='bbox 756 4638 840 4697; x_wconf 85' lang='lat' dir='ltr'><strong>(lano</strong></span> <span class='ocrx_word' id='word_1_233' title='bbox 862 4640 1012 4712; x_wconf 87' lang='lat' dir='ltr'><strong>librarios,</strong></span> <span class='ocrx_word' id='word_1_234' title='bbox 1035 4642 1122 4699; x_wconf 86' lang='lat' dir='ltr'><strong>titulo</strong></span> <span class='ocrx_word' id='word_1_235' title='bbox 1145 4643 1202 4699; x_wconf 82' lang='lat' dir='ltr'><strong>lroe</strong></span> 
     </span>
    </p>
   </div>
   <div class='ocr_carea' id='block_1_5' title="bbox 366 4740 1543 4923">
    <p class='ocr_par' dir='ltr' id='par_1_5' title="bbox 366 4740 1543 4923">
     <span class='ocr_line' id='line_1_25' title="bbox 366 4740 1543 4820; baseline 0 -21"><span class='ocrx_word' id='word_1_236' title='bbox 366 4740 427 4800; x_wconf 82' lang='lat' dir='ltr'><strong>Lus</strong></span> <span class='ocrx_word' id='word_1_237' title='bbox 454 4742 570 4799; x_wconf 68' lang='lat' dir='ltr'><strong>mances</strong></span> <span class='ocrx_word' id='word_1_238' title='bbox 596 4742 632 4799; x_wconf 78' lang='lat' dir='ltr'><strong>do</strong></span> <span class='ocrx_word' id='word_1_239' title='bbox 656 4742 756 4800; x_wconf 82' lang='lat' dir='ltr'><strong>Osaaa</strong></span> <span class='ocrx_word' id='word_1_240' title='bbox 781 4761 836 4817; x_wconf 79' lang='lat' dir='ltr'><strong>que</strong></span> <span class='ocrx_word' id='word_1_241' title='bbox 858 4744 978 4819; x_wconf 79' lang='lat' dir='ltr'><strong>publica</strong></span> <span class='ocrx_word' id='word_1_242' title='bbox 1000 4743 1119 4801; x_wconf 83' lang='lat' dir='ltr'><strong>Manuel</strong></span> <span class='ocrx_word' id='word_1_243' title='bbox 1138 4745 1299 4820; x_wconf 74' lang='lat' dir='ltr'><strong>Rodre&#39;9aez</strong></span> <span class='ocrx_word' id='word_1_244' title='bbox 1326 4746 1360 4802; x_wconf 84' lang='lat' dir='ltr'><strong>de</strong></span> <span class='ocrx_word' id='word_1_245' title='bbox 1382 4744 1543 4819; x_wconf 70' lang='lat' dir='ltr'><strong>Berlauya.</strong></span> 
     </span>
     <span class='ocr_line' id='line_1_26' title="bbox 366 4842 1187 4923; baseline 0.002 -22"><span class='ocrx_word' id='word_1_246' title='bbox 366 4842 504 4903; x_wconf 76' lang='lat' dir='ltr'><strong>Malacae</strong></span> <span class='ocrx_word' id='word_1_247' title='bbox 525 4842 830 4905; x_wconf 84' lang='lat' dir='ltr'><em>MDCCCLXXIII.</em></span> <span class='ocrx_word' id='word_1_248' title='bbox 875 4846 903 4904; x_wconf 90' lang='lat'><strong>8.</strong></span> <span class='ocrx_word' id='word_1_249' title='bbox 927 4847 996 4904; x_wconf 84' lang='lat' dir='ltr'><strong>mai.</strong></span> <span class='ocrx_word' id='word_1_250' title='bbox 1020 4846 1084 4923; x_wconf 92' lang='lat' dir='ltr'><strong>(pp.</strong></span> <span class='ocrx_word' id='word_1_251' title='bbox 1102 4846 1187 4921; x_wconf 73' lang='lat'>256).</span> 
     </span>
    </p>
   </div>
   <div class='ocr_carea' id='block_1_6' title="bbox 200 5036 416 5049">
    <p class='ocr_par' dir='ltr' id='par_1_6' title="bbox 200 5036 416 5049">
     <span class='ocr_line' id='line_1_27' title="bbox 200 5036 416 5049; baseline -0.009 0"><span class='ocrx_word' id='word_1_252' title='bbox 200 5036 416 5049; x_wconf 63' lang='grc'><strong>*--</strong></span> 
     </span>
    </p>
   </div>
   <div class='ocr_carea' id='block_1_7' title="bbox 290 5164 620 5233">
    <p class='ocr_par' dir='ltr' id='par_1_7' title="bbox 290 5164 620 5233">
     <span class='ocr_line' id='line_1_28' title="bbox 290 5164 620 5233; baseline -0.006 -13"><span class='ocrx_word' id='word_1_253' title='bbox 290 5164 620 5233; x_wconf 62' lang='lat' dir='ltr'><strong>ummupm.</strong></span> 
     </span>
    </p>
   </div>
   <div class='ocr_carea' id='block_1_8' title="bbox 0 0 1734 6292">
    <p class='ocr_par' dir='ltr' id='par_1_8' title="bbox 0 0 1734 6292">
     <span class='ocr_line' id='line_1_29' title="bbox 0 0 1734 6292; baseline 0 2"><span class='ocrx_word' id='word_1_254' title='bbox 0 0 1734 6292; x_wconf 95' lang='lat' dir='ltr'><strong> </strong></span> 
     </span>
    </p>
   </div>
  </div>
 </body>
</html>
