3458 6292
201 498 271 567 172

771 516 952 567 CORSSEN:

197 691 253 748 29.
296 690 333 749 In
359 690 482 749 aedibus
510 693 611 749 strada
640 693 671 748 di
692 691 839 748 Mercurio
862 710 889 747 u.
914 692 947 747 13
974 690 1013 747 ad
1039 690 1194 751 sinistrum
1221 692 1362 768 angulum
1386 692 1530 751 vestibuli

237 812 344 853 versus
372 795 479 853 atrium
509 794 604 853 incisa
630 794 660 851 iu
686 793 815 870 lapidem
842 792 1001 851 calcarium
1022 793 1201 869 quadratum
1228 813 1295 854 cum
1318 795 1461 872 vestigiis
1483 814 1531 853 ru·

237 897 284 954 bri
306 897 430 956 eoloris:

572 1027 697 1105 {linx
908 984 912 991 ⁵
1015 1032 1115 1091 xvn.

277 1191 450 1250 Delineavit
470 1190 508 1249 R.
525 1187 675 1261 Schoene,
703 1189 755 1267 qui
777 1189 849 1247 dicit
871 1188 1031 1248 uerisimile
1054 1207 1135 1261 esse,
1163 1199 1194 1247 at
1219 1209 1279 1249 non
1306 1200 1425 1250 certum
1452 1192 1530 1250 hauc

195 1310 261 1350 esse
288 1294 402 1352 numeri
430 1303 531 1351 notam
553 1294 675 1352 Oscum.
720 1289 779 1351 Sed
807 1310 874 1350 cum
895 1309 917 1350 n
939 1310 993 1349 nec
1019 1293 1133 1350 numeri
1159 1301 1232 1351 uota
1252 1291 1362 1352 Latina
1393 1294 1448 1365 sit,
1476 1313 1530 1353 nee

194 1395 295 1454 littera
317 1395 400 1455 Osca
422 1395 468 1453 vel
489 1395 613 1466 Latina,
640 1412 766 1471 cumque
792 1394 822 1452 in
849 1394 978 1453 nummis
1000 1392 1089 1452 Oscis
1117 1404 1281 1471 appareant
1307 1410 1400 1455 notae
1428 1396 1530 1455 Oscae

195 1516 384 1555 numerorum
401 1514 462 1568 iux,
478 1515 547 1568 iinx,
562 1514 641 1567 timx,
655 1513 717 1554 unx
732 1497 810 1555 aliae
827 1495 984 1571 (illumina,
1003 1494 1067 1554 [lut.
1083 1496 1166 1553 Diui
1179 1514 1211 1571 p.
1225 1496 1296 1555 202.
1308 1498 1378 1555 312.
1403 1497 1530 1567 Friedl,

200 1599 267 1659 Oak.
285 1600 381 1658 Mine.
400 1620 431 1675 p.
451 1601 501 1658 72.
517 1598 581 1675 83),
603 1618 663 1655 non
685 1598 808 1657 dubium
824 1598 947 1671 videtur,
969 1597 1043 1674 quin
1057 1598 1176 1674 signum
1192 1615 1253 1657 cmx
1273 1599 1304 1655 in
1319 1598 1423 1675 lapide
1437 1600 1531 1659 Pom·

194 1704 302 1778 peiano
324 1703 402 1761 idem
425 1704 524 1761 valeat
550 1710 583 1760 ut
603 1710 675 1759 nota
697 1717 758 1759 unx
779 1702 811 1760 in
832 1701 961 1759 nummis
985 1698 1090 1773 Oscis,
1117 1700 1255 1777 quamvis
1283 1700 1392 1760 ultima
1417 1702 1532 1762 lineola

194 1804 276 1863 illius
298 1806 414 1863 ineerta
435 1805 483 1861 sit.

195 2050 603 2059 ——--—-———-—

195 2241 254 2302 30.
298 2241 418 2302 Titulus
446 2244 539 2302 rubro
566 2243 665 2301 colore
694 2243 792 2318 pictus
819 2242 851 2301 in
877 2241 977 2319 lapide
1006 2242 1098 2300 tofino
1123 2241 1202 2318 pilae
1223 2243 1342 2318 positae
1365 2244 1398 2303 in
1420 2244 1532 2321 angulo

237 2345 414 2405 occidentali
436 2345 543 2405 domus
566 2364 635 2404 cuso
658 2344 705 2403 del
726 2346 845 2403 Fauno.-

555 2557 715 2604 ...Μ
731 2584 971 2602 ..........
988 2555 1062 2603 u..

554 2743 794 2762 ..........
807 2633 1109 2804 XlanIlpui

555 2845 925 2922 ....a.t.flsanisi1
941 2901 1052 2920 .....

277 3052 471 3112 Delineutum
497 3052 579 3111 misit
601 3052 638 3111 R.
660 3049 805 3112 Schoene.
849 3049 927 3111 (ium
953 3048 1000 3108 his
1021 3048 1228 3127 inscriptionis
1251 3046 1355 3109 Oscae
1381 3050 1531 3129 relliquiis

196 3156 388 3233 comparandi
411 3163 481 3213 sunt
502 3154 579 3213 tituli
601 3155 632 3213 in
654 3155 818 3231 parietibus
839 3152 957 3211 aedium
980 3170 1051 3211 coeo
1073 3153 1105 3209 di
1126 3150 1269 3211 Sallustio
1291 3150 1480 3229 (Meteone)
1503 3162 1533 3213 et

195 3276 265 3316 cuso
287 3260 318 3316 di
337 3257 439 3314 Pansa
461 3258 567 3316 iisdem
591 3259 689 3317 verbis
711 3256 847 3333 concepti
869 3265 899 3314 et
920 3254 1011 3313 rubro
1032 3254 1133 3311 colore
1154 3254 1227 3331 picti
1248 3254 1279 3313 iu
1300 3254 1409 3331 lapide
1431 3256 1533 3325 tofina

196 3361 337 3429 Mutuus,
366 3360 430 3418 liu.
446 3360 528 3418 Diui.
552 3359 800 3429 t.n'1,19,a.u.·
821 3357 927 3415 Elsul:
947 3357 1106 3415 umidonud
1125 3360 1216 3416 cliuus
1239 3356 1316 3433 (cit.)
1338 3368 1429 3417 anter
1449 3360 1535 3417 timi
1572 3426 1575 3439 Ι

197 3462 269 3519 XII
277 3466 320 3519 ini
339 3461 409 3537 (ini)
422 3482 479 3520 cer.
496 3461 590 3536 (cern)
607 3460 725 3532 Soriuu,
744 3462 806 3537 pus
815 3462 935 3534 suomet
953 3458 1013 3517 uir.
1028 3458 1162 3517 Audiriie
1177 3458 1344 3537 (Audiriie)
1358 3458 1398 3521 V.
1415 3484 1454 3511 =
1470 3460 1534 3519 Hoe
1572 3510 1576 3545 Ι

195 3565 302 3621 utubitu
323 3563 402 3638 (ciue
423 3562 570 3640 anfractu)
602 3572 668 3619 euut
687 3567 762 3621 inter
782 3566 883 3622 turrim
904 3562 1097 3620 duodecimam
1118 3572 1145 3619 et
1160 3570 1276 3638 mom
1298 3560 1460 3631 Surium,
1488 3564 1536 3621 stt
1573 3574 1576 3635 ς

196 3666 307 3725 nasim
320 3666 427 3723 uarat
445 3668 564 3723 nutrius
585 3664 694 3741 tutius.
719 3664 769 3741 (o.
784 3665 818 3722 u.
828 3668 856 3740 s.
877 3664 966 3741 seru.
984 3662 1053 3739 sps.
1070 3662 1106 3734 V,
1127 3662 1186 3721 129
1199 3682 1242 3741 sq.
1254 3662 1353 3735 xus,
1378 3666 1446 3725 sss
1465 3664 1536 3743 su).
1571 3646 1576 3779 ξ

195 3767 244 3825 Ex
270 3769 375 3826 horum
402 3768 554 3827 titulorum
577 3767 677 3825 verbis
706 3766 908 3844 inscriptionis
937 3765 1095 3842 relliquiae
1121 3784 1215 3843 supra
1238 3766 1375 3844 scriptae
1402 3767 1485 3827 huuc
1506 3768 1537 3827 iu

196 3870 315 3928 modum
338 3870 521 3949 supplendae
544 3868 693 3929 videntur:
1169 3876 1176 3895 '
1568 3782 1576 3931 l

615 4072 770 4149 eks]u[k]
800 4069 975 4147 almvianud
996 4064 1129 4149 eit]u[us

617 4207 704 4254 anter
725 4193 822 4270 tiurri]
851 4181 886 4256 X
907 4188 959 4255 inl
985 4181 1130 4282 X.puf

617 4316 772 4394 saum]a[t]
794 4304 975 4379 t.flsanis
1001 4309 1026 4377 it

501 4500 568 4559 Hoc
590 4502 702 4561 ambitu
724 4501 806 4578 (viae
827 4499 977 4576 anfractu)
1000 4506 1072 4558 eunt

500 4603 579 4661 inter
599 4604 705 4662 turrim
725 4603 870 4663 decimam
892 4611 922 4661 et
943 4602 1139 4675 undecimam,
1166 4600 1217 4659 ubi

502 4704 616 4763 habitat
637 4703 725 4765 Titus
746 4706 887 4765 Fisanius
910 4703 1003 4783 Oppii
1024 4704 1114 4765 filius.

279 4896 405 4954 Plenius
427 4897 475 4973 egi
497 4895 533 4954 dc
554 4897 612 4955 lioc
633 4898 720 4956 titulo
747 4896 779 4954 in
801 4896 1051 4956 commentatione
1071 4895 1109 4953 de
1130 4895 1253 4973 linguae
1276 4892 1388 4959 Oscae
1415 4900 1534 4979 quibu·

195 4998 264 5058 dam
286 4999 501 5069 monumentis,
530 4999 609 5076 Z.s.
632 5000 719 5077 uerpl.
739 4998 805 5075 Spr.
823 4998 933 5072 XXII,
957 4998 1020 5057 295
1040 5016 1084 5075 eq.
1118 4998 1157 5073 cs.
1182 4996 1247 5057 289
1267 5016 1314 5077 sq.
