3682 5964
605 618 679 668 aux
695 619 777 674 oon.
799 621 1025 672 canamvan.
1409 605 1478 674 147

146 814 184 856 ea
204 815 238 854 re
261 795 398 869 differre,
420 795 502 872 quod
522 795 574 854 ille
597 795 664 856 solo
686 813 836 855 consensu
856 795 1037 873 perficiatur,
1063 795 1111 856 hic
1131 797 1351 875 quodammodo
1372 797 1481 856 litteris

148 898 185 958 de
212 918 249 957 ea
275 918 308 956 re
333 899 421 957 factis
444 899 493 956 vel
520 898 622 974 potius
649 905 764 958 tessera
788 895 906 974 daea1).
950 897 1014 956 lam
1036 891 1213 978 potronatus
1234 901 1262 958 is
1284 919 1371 976 quem
1393 901 1481 959 nobis

146 1009 356 1079 repraesentat
383 1000 434 1059 lex
464 998 605 1060 Caesaris
632 1010 745 1078 quanto
771 1003 896 1077 propius
925 1002 965 1059 ad
992 1001 1174 1078 primitivam
1205 1002 1331 1061 formam
1360 1004 1483 1062 accedat

147 1123 238 1181 quam
267 1123 356 1182 quem
385 1104 472 1162 nobis
499 1113 762 1179 repraesentarent
791 1105 968 1163 documenta
996 1105 1093 1163 adhuc
1121 1114 1192 1164 nota
1220 1105 1326 1166 aetatis
1355 1106 1482 1180 impera-

148 1207 244 1266 toriae
271 1205 332 1264 iero
354 1205 469 1276 omnia,
496 1225 584 1265 nemo
611 1216 657 1264 est
683 1205 754 1282 quin
781 1206 888 1264 videat.
934 1207 1137 1285 Distinguitur
1163 1208 1194 1266 iu
1220 1207 1284 1284 lege
1306 1208 1356 1284 qui
1376 1203 1482 1283 potro-

148 1327 204 1368 nus
232 1319 275 1368 est
298 1303 499 1384 adoptatame’
527 1310 580 1384 (3,
603 1307 661 1384 15)
690 1309 753 1368 sive
780 1304 927 1386 'patronas
953 1311 1110 1384 adoptatam
1137 1313 1257 1368 sumitur
1278 1305 1326 1386 fit’
1352 1309 1401 1385 (7,
1422 1309 1482 1385 43)

149 1413 188 1470 sb
211 1430 248 1470 eo
271 1411 322 1489 qui
341 1407 451 1488 'hospes
473 1413 632 1488 adoptatur
652 1429 803 1487 quonamve
825 1411 976 1488 hospitium
998 1423 1136 1470 tesserooe
1157 1412 1307 1488 hospitalis
1325 1407 1382 1490 fit'.
1426 1411 1483 1470 Ille

148 1515 247 1596 honop
274 1514 369 1574 maior
389 1521 449 1585 est,
478 1514 526 1572 hic
549 1514 657 1585 minor,
688 1532 754 1572 cum
777 1515 815 1573 ad
837 1521 1026 1591 patronatum
1048 1514 1264 1573 decernendum
1284 1514 1361 1574 duae
1381 1523 1483 1592 partes

148 1617 342 1676 decurionum
369 1619 573 1694 requirantur,
600 1617 631 1674 in
658 1616 789 1691 hospitio
816 1617 923 1676 solitus
951 1635 1093 1676 numerus
1121 1616 1266 1689 sufficiat,
1291 1617 1362 1676 item
1387 1635 1485 1693 poena

149 1719 306 1796 adscripta
327 1719 366 1778 sit
386 1721 416 1777 iu
439 1719 492 1778 illo
514 1719 612 1778 decies
634 1726 718 1777 tauta
739 1729 850 1795 quante
871 1720 901 1778 in
924 1719 981 1778 hoc
1003 1728 1057 1778 est.
1094 1720 1158 1779 Iam
1181 1720 1238 1779 hac
1258 1719 1325 1796 lege
1340 1719 1484 1778 admoniti

148 1821 351 1897 intellegimus
375 1819 544 1882 Gaditanos
570 1821 734 1899 hospitium
762 1820 949 1880 solummodo
975 1821 1093 1897 publice
1116 1821 1224 1906 fecisse¹
1247 1831 1362 1881 tessera
1382 1822 1485 1881 oblata

149 1943 218 1987 cum
247 1925 313 1983 cive
343 1924 415 1983 olim
444 1941 515 1996 suo,
541 1925 600 1984 iam
628 1920 766 1983 Romano
795 1923 832 1982 L.
862 1921 1004 1983 Cornelio
1032 1919 1182 2002 Balnot),
1214 1943 1404 2002 nequaquam
1432 1945 1484 2003 pa-

150 2041 271 2090 tronum
299 2047 365 2088 eum
393 2027 452 2086 sibi
480 2026 681 2104 adoptavisse.
727 2025 857 2086 Omnino
881 2034 987 2102 postea
1013 2027 1130 2085 demum
1154 2035 1279 2104 uterque
1301 2029 1396 2086 honor
1418 2046 1485 2102 per-

148 2143 242 2209 petuo
275 2131 513 2205 necessitudoque
539 2128 669 2205 quadam
695 2128 834 2204 coniungi
864 2129 961 2205 coepti
990 2136 1060 2188 sunt
1087 2129 1254 2207 acciditque
1280 2130 1328 2188 hic
1354 2148 1485 2206 quoque,

149 2243 184 2292 ut
212 2233 377 2293 honoribus
406 2232 691 2290 increbrescentibus
720 2239 750 2290 et
771 2230 834 2290 sere
854 2230 1039 2309 pervulgatis
1062 2233 1175 2290 minore
1197 2232 1308 2292 nemini
1329 2233 1389 2290 iam
1412 2233 1485 2290 satis

148 2339 236 2395 fieret
264 2336 367 2411 itaque
395 2334 526 2410 simplex
557 2333 720 2411 hospitium
747 2333 968 2410 quodammodo
997 2333 1233 2409 exolescerent).
1254 2367 1292 2378 -
1323 2334 1487 2394 Praeterea

147 2437 286 2498 notabile
314 2445 361 2496 est
386 2438 416 2496 in
443 2437 498 2495 hac
526 2436 592 2514 lege
618 2444 776 2513 patronum
801 2436 953 2512 adoptari,
981 2443 1014 2495 nt
1035 2435 1181 2513 Cicero⁴)
1204 2455 1322 2515 quoque
1343 2437 1485 2512 loquitur,

149 2563 211 2602 non
235 2539 387 2618 cooptari,
414 2538 494 2616 quod
516 2538 694 2598 vocabulum
716 2539 754 2597 ab
776 2539 903 2616 Augusti
925 2540 996 2599 inde
1018 2549 1116 2599 aetate
1136 2541 1167 2598 in
1189 2559 1225 2598 ea
1246 2559 1278 2598 re
1300 2540 1486 2616 sollemue⁵)

148 2644 349 2704 nihilominus
377 2641 436 2717 ipsi
462 2650 546 2700 actus
568 2641 743 2718 proprietati
765 2659 871 2717 parum
893 2649 994 2718 aptum
1021 2650 1080 2714 est3
1108 2660 1203 2718 neque
1225 2643 1305 2701 enim
1326 2644 1485 2720 proprios

149 2746 277 2823 collegis
293 2744 401 2803 suturis
415 2751 561 2820 patronus
576 2743 696 2802 futurus
712 2744 898 2803 adsciscitur.
929 2745 1118 2821 Quamquam
1134 2744 1292 2821 cooptaudi
1308 2745 1486 2804 vocabulum

151 2869 190 2909 eo
212 2848 331 2908 nomine
353 2847 491 2904 excusari
512 2854 627 2922 potest,
653 2846 732 2922 quod
760 2855 839 2905 certe
859 2847 1026 2922 posteriore
1047 2855 1181 2922 tempore
1204 2847 1293 2906 etiam
1314 2849 1434 2924 patroni
1455 2849 1486 2906 in

150 2953 222 3011 albo
250 2949 442 3022 decurionum
468 2949 728 3025 perscribebautur
753 2958 785 3007 et
809 2950 988 3026 quodammo
1015 2949 1226 3009 decurionibus
1252 2948 1487 3009 adnumeraban-

150 3063 210 3114 tur.
228 3088 267 3097 —
293 3052 449 3110 Accedunt
470 3051 531 3109 alia
552 3051 623 3110 item
646 3059 676 3109 et
697 3069 777 3110 nova
797 3059 828 3110 et
849 3051 970 3128 cognitu
991 3051 1090 3130 digna.
1134 3051 1286 3111 Patronos
1308 3053 1406 3111 adhuc
1426 3071 1488 3113 cre·

149 3158 297 3216 debemus
318 3153 417 3213 nullos
439 3152 503 3212 fieri
524 3154 662 3230 potuisse
684 3153 740 3212 uisi
763 3173 802 3212 ex
824 3154 1016 3212 decurionum
1038 3153 1173 3224 decret03
1195 3155 1255 3212 iam
1271 3174 1342 3213 vero
1361 3155 1487 3215 addisci-

150 3277 220 3319 mus
250 3257 386 3316 colonias
408 3257 460 3332 qui
483 3255 681 3314 deduxissent
702 3255 791 3332 quive
814 3257 929 3315 colonis
952 3274 1041 3334 agros
1063 3255 1216 3316 dedissent
1237 3257 1488 3336 adsignavissent‚

149 3363 237 3439 ipsos
264 3359 376 3418 liberos
403 3363 601 3434 posterosque
627 3377 730 3416 eornm
757 3359 824 3436 ipso
845 3359 908 3417 iure
930 3359 995 3417 eius
1017 3359 1154 3418 coloniae
1175 3367 1320 3437 patronos
1341 3359 1486 3436 fuisse⁶).

150 3464 201 3522 Ita
226 3460 309 3539 quod
335 3458 481 3537 Cicero⁷)
510 3459 614 3518 scribit
639 3465 689 3537 qui
716 3463 841 3520 ciuitates
866 3469 919 3519 out
942 3464 1080 3520 conones.
1099 3463 1223 3520 deuictos
1249 3461 1320 3520 hello
1350 3465 1381 3520 ic
1401 3463 1489 3537 fidem

150 3569 340 3643 recepissent,
372 3582 467 3622 eorum
489 3571 629 3640 patronos
651 3566 748 3640 fuisse
774 3581 850 3620 more
878 3567 1030 3632 maiorum,
1064 3563 1200 3622 similiter
1228 3565 1489 3640 interpretabimur

151 3669 205 3746 qni
235 3667 383 3745 populum
410 3664 559 3724 devictum
585 3665 615 3724 in
642 3665 730 3724 fidem
751 3666 910 3742 receperit,
938 3684 997 3724 nou
1020 3666 1058 3724 ob
1079 3666 1111 3725 id
1132 3666 1308 3726 beneficium
1330 3675 1487 3743 patronum

151 3771 264 3842 creari,
292 3768 346 3828 sed
372 3787 408 3826 eo
435 3767 520 3844 ipso,
546 3767 628 3843 quod
654 3768 685 3825 in
710 3767 799 3826 fidem
826 3787 892 3826 eum
918 3769 1043 3845 recepit,
1070 3777 1229 3845 patronum
1251 3768 1389 3830 effectum
1411 3786 1488 3828 esse.

150 3873 194 3932 Et
217 3891 287 3930 sere
312 3871 358 3932 sic
380 3870 512 3930 redimus
534 3871 572 3929 ad
594 3878 769 3947 patronatus
792 3870 921 3948 genuina
941 3871 1118 3949 primordia;
1144 3890 1214 3930 nam
1236 3871 1321 3931 utin
1343 3871 1407 3930 iure
1428 3871 1488 3948 pri·

153 4064 360 4076 -——

232 4205 257 4270 ¹)
285 4207 303 4256 1.
317 4222 339 4255 c.
358 4223 384 4272 p.
399 4207 462 4257 341.
477 4206 538 4257 362.

234 4295 260 4360 ²)
291 4298 382 4349 Cicero
400 4315 448 4364 pro
467 4297 543 4350 Balh.
559 4299 602 4360 18,
617 4299 666 4348 41:
686 4295 821 4366 hospitium
920 4314 974 4349 cum
994 4296 1026 4350 L.
1043 4296 1158 4351 Cornelio
1175 4297 1318 4350 Gaditanos
1329 4297 1425 4364 secisse
1438 4315 1488 4366 pu-

154 4389 223 4442 blice
241 4389 315 4441 dieo.-
329 4391 460 4458 priusnos
480 4397 603 4440 tesseram.

232 4479 257 4546 ³)
287 4483 338 4534 Vel
361 4484 516 4548 gentilitates
541 4483 607 4534 duae
631 4484 713 4547 gentis
731 4485 869 4534 Zoelarum
893 4499 940 4534 eae
963 4499 1030 4549 quae
1054 4499 1078 4535 a.
1097 4501 1123 4551 p.
1144 4484 1205 4536 Chr.
1220 4485 1254 4534 27
1278 4477 1427 4548 ‘hospitium
1446 4499 1490 4532 re-

153 4585 251 4627 motum
276 4568 416 4640 antiquom'
440 4576 508 4626 inter
537 4591 564 4626 se
588 4583 758 4638 renovarunt,
784 4578 840 4626 solo
866 4592 898 4626 eo
923 4593 975 4626 non
1001 4578 1115 4628 contenti
1135 4571 1231 4639 ‘alituts
1255 4577 1334 4626 alium
1358 4576 1385 4625 in
1411 4575 1490 4625 tidem

154 4667 353 4732 clientelamque
377 4683 450 4718 suam
469 4683 625 4732 suorumque
643 4667 782 4719 liberorum
800 4677 1011 4735 posterorumque
1033 4661 1190 4734 receperunt'
1210 4667 1271 4728 (sol.
1285 4669 1313 4720 11
1332 4668 1444 4718 nasas
1455 4687 1488 4708 =

155 4761 236 4812 Orell.
254 4759 327 4822 156).

233 4849 258 4914 ⁴)
287 4851 340 4902 Pro
359 4851 507 4914 Sest.4‚9.
539 4853 608 4904 Phil.
624 4854 709 4916 2,41,
725 4855 786 4904 107.
807 4855 833 4916 6,
849 4854 873 4917 5,
889 4855 932 4906 13.
963 4854 1022 4905 Val.
1040 4854 1154 4915 Mami),
1171 4852 1253 4916 15,1.
1285 4850 1424 4904 Patronem
1442 4849 1488 4902 od·

154 4946 264 4996 sciscere
277 4943 370 4996 Cicero
389 4944 416 4994 in
436 4943 489 4994 Pis.
505 4945 547 5006 11,
562 4944 605 4994 25.
1240 4953 1244 4968 ⁴

234 5035 258 5099 ⁵)
288 5037 404 5088 Primum
429 5037 558 5087 invenitur
579 5037 648 5103 quod
667 5038 748 5088 sciam
767 5039 794 5089 in
814 5038 901 5088 tabula
920 5053 943 5089 s.
956 5055 981 5104 p.
997 5037 1058 5089 Chr.
1073 5040 1124 5090 742
1145 5036 1235 5100 (Orell.
1251 5037 1342 5100 3693).
1379 5039 1412 5088 In
1431 5051 1490 5087 aare

155 5129 337 5195 antiquissimo
356 5129 407 5179 rol.
420 5129 435 5179 1
453 5145 478 5179 n.
494 5129 546 5179 532
566 5131 770 5195 supplementum
792 5131 860 5196 quod
873 5132 947 5197 posui
961 5131 1099 5181 noceriumis
1111 5128 1266 5198 eo[ptumus]
1280 5129 1430 5182 mutandum
1443 5136 1489 5180 est.

233 5221 259 5283 6)
287 5223 328 5272 lta
341 5222 371 5273 P.
385 5221 459 5274 Sulla
478 5221 594 5274 coloniae
612 5237 668 5275 aso
681 5223 819 5290 Pompeios
833 5223 959 5275 deductae
972 5231 1096 5289 patronus
1109 5223 1159 5276 tuis
1178 5223 1281 5290 (Cicero
1293 5239 1341 5291 pro
1354 5223 1420 5278 Sull.
1434 5221 1489 5286 21).

176 5319 182 5336 “
234 5309 260 5375 ¹)
287 5313 329 5364 De
349 5313 417 5366 offic.
438 5316 463 5377 1,
480 5315 522 5377 11,
538 5313 581 5366 35.
