3458 6292
197 2560 391 2618 Ararcartvs

195 2662 356 2720 Anasavs

650 543 808 605 ovasse.
828 542 1044 594 onomaron.
1064 545 1089 594 1.
1486 524 1531 594 31

450 715 600 792 Aefulana
629 715 659 776 0.
680 717 710 791 s.
736 716 824 775 Polla
852 716 1025 775 Florentiae
1054 713 1129 774 Gori
1152 717 1179 787 1,
1205 714 1277 787 1583
1301 715 1338 772 81
1361 741 1399 765 =
1424 715 1533 774 Murat.

535 816 681 892 1623,12
703 825 733 877 51
756 817 847 890 1179,
863 816 912 877 42.

450 918 588 993 Aefulana
614 920 678 979 sire
705 920 856 997 Aefulana,
882 938 943 979 non
970 921 1114 979 Aesulam
1141 920 1325 980 Aesulumve
1353 921 1534 997 appellatum

450 1038 517 1080 esse
537 1030 687 1082 vetustum
702 1020 783 1080 Latii
804 1022 947 1100 oppidum
971 1042 1065 1101 prope
1080 1022 1176 1081 Tibur
1198 1023 1287 1081 situm
1312 1021 1411 1098 (cuius
1433 1024 1535 1081 memi-

448 1135 560 1184 nerunt
579 1124 728 1184 Horatius
750 1142 841 1183 carm.
862 1124 967 1203 aste,
984 1124 1001 1181 6
1024 1135 1055 1182 et
1075 1124 1182 1184 Livius
1201 1124 1255 1196 26,
1271 1124 1300 1194 9,
1316 1125 1343 1183 9.
1368 1124 1417 1195 32,
1435 1123 1483 1196 29,
1501 1124 1533 1200 2)

450 1228 631 1305 optimorum
651 1226 795 1287 librorum
817 1226 876 1286 fide
898 1234 968 1298 stat,
991 1233 1025 1284 ut
1046 1227 1107 1285 dixi
1131 1226 1293 1285 Hermael
1313 1247 1342 1304 p.
1360 1224 1430 1285 426.

451 1328 517 1389 Sec.
539 1312 723 1407 A[equo]aua

449 1430 593 1511 Aequana
606 1431 649 1489 M.
664 1433 693 1507 s.
712 1431 800 1491 llaec
821 1432 924 1492 Patris
946 1432 1080 1492 Achaiae
1103 1430 1136 1491 C.
1152 1431 1177 1489 Ι.
1192 1431 1229 1490 L.
1250 1430 1372 1489 111510
1394 1430 1425 1487 in
1447 1431 1534 1489 titulo

531 1535 599 1593 aevi
618 1535 760 1613 15555.
1267 1510 1272 1523 ’

448 1636 548 1695 Etiam
575 1636 608 1695 in
636 1637 725 1696 titulo
751 1637 832 1715 picto
859 1636 1045 1715 Pompeiano
1072 1635 1107 1697 C.
1128 1636 1154 1695 Ι.
1173 1635 1210 1693 L.
1233 1635 1278 1694 1v
1297 1636 1354 1695 133
1377 1634 1535 1712 Aequanus

448 1746 550 1816 potest
570 1739 680 1816 gentile
702 1757 780 1799 esse.

491 1842 590 1919 Aequi
610 1850 640 1901 et
655 1843 794 1918 Aequum
810 1841 927 1915 Italiae,
949 1842 1020 1900 item
1034 1843 1172 1918 Aequum
1190 1840 1360 1899 Dalmatiae
1382 1839 1431 1915 (C.
1453 1840 1477 1898 1.
1498 1839 1533 1897 L.

449 1942 499 2003 Ill
520 1964 550 2022 p.
567 1943 653 2021 360),
674 1961 771 2022 pagus
789 1946 954 2020 Aequanus
976 1944 1141 2003 Beneventi
1163 1963 1202 2002 ex
1224 1944 1327 2001 tabula
1347 1943 1535 2001 alimentaria

448 2044 594 2125 Ligurum
614 2045 836 2105 Baebianorum
857 2056 937 2106 nota.
983 2044 1029 2107 cf.
1052 2047 1143 2105 etiam
1165 2046 1253 2106 Aeco.

451 2146 489 2207 L.
500 2148 639 2226 'Afilancs
654 2147 693 2206 L.
706 2151 735 2225 s.
751 2149 902 2226 Ac(ieasi)
918 2148 1114 2208 Provincialis
1135 2149 1234 2207 Afilae
1252 2149 1281 2206 in
1298 2147 1418 2208 Sabinis
1439 2146 1533 2206 Orell.

532 2248 622 2309 2251.
666 2250 812 2328 Lapidem
838 2251 915 2311 vidit
940 2251 1102 2311 Henzenus
1132 2250 1188 2326 (cs.
1217 2250 1376 2326 Borghesii
1403 2268 1472 2326 opp.
1494 2249 1534 2306 lV

531 2373 561 2430 p.
578 2352 664 2432 318).

447 2455 547 2514 Alilae
568 2456 686 2515 Plinius
709 2459 726 2515 3
750 2456 822 2533 §63
845 2456 986 2515 meminit.

451 2557 496 2617 Μ.
518 2558 679 2633 Africanus
701 2559 866 2617 Mercurius
888 2555 1011 2618 Salonis
1034 2557 1109 2618 c.1.
1126 2556 1161 2615 L.
1183 2557 1233 2616 III
1249 2556 1339 2616 6386.

451 2658 490 2719 L.
513 2657 662 2720 'Albanas
684 2661 835 2719 Martialis
854 2662 1021 2721 Aeserniae
1042 2661 1067 2718 Ι.
1087 2659 1127 2719 N.
1145 2659 1225 2719 5052
1249 2678 1308 2717 555
1330 2659 1404 2717 55115
1425 2672 1533 2717 551155.

448 2762 492 2821 Μ.
509 2762 642 2821 Albanus
656 2764 799 2823 Paternus
823 2763 965 2823 Coloniae
980 2763 1167 2840 Agrippinae
1190 2760 1276 2821 Grut.
1293 2760 1342 2832 86,
1360 2762 1377 2820 9
1398 2756 1444 2820 ‘ex
1461 2764 1533 2818 Aru.

531 2860 708 2923 Mercatore’
735 2864 823 2942 (inde
844 2866 1012 2925 Brambach
1033 2865 1059 2924 1.
1079 2865 1116 2923 R.
1138 2863 1198 2923 385
1225 2864 1275 2940 qni
1297 2864 1445 2923 Albanius
1471 2881 1534 2922 cor·

529 2968 610 3027 rexit
630 2968 759 3027 fortasse
781 2987 840 3027 non
861 2968 966 3049 15515).

448 3069 568 3129 Albana
588 3069 703 3130 Sabina
727 3070 879 3130 Emeritae
902 3068 1180 3130 c.1.L.11551.
1228 3070 1275 3129 115
1300 3069 1442 3140 traditum
1470 3087 1535 3127 cor·

531 3173 598 3232 rexi
619 3172 759 3245 Albania,
780 3191 841 3231 non
862 3179 951 3232 recte.

448 3274 546 3335 Albae
566 3282 686 3352 praeter
706 3276 829 3355 longam
851 3283 881 3335 51
902 3274 1066 3334 Fucentem
1087 3274 1194 3333 Italiae
1216 3281 1305 3333 notae
1325 3273 1470 3349 Pompeia
1483 3272 1534 3331 Li·

449 3378 569 3455 guriae,
595 3378 737 3456 Augusta
762 3386 792 3438 et
817 3376 927 3436 Helvia
950 3375 1069 3437 Galliae
1093 3375 1193 3452 (Alba
1213 3376 1292 3434 Iulia
1314 3375 1426 3434 Daciae
1451 3375 1535 3436 nulla

448 3479 533 3557 fuit).

195 3586 435 3643 Aaamovnuvs
454 3580 489 3640 P.
504 3582 702 3642 Albinovanus
722 3584 926 3643 Marianorum
948 3582 1010 3641 dux
1032 3590 1121 3640 notus
1143 3600 1182 3640 ex
1196 3582 1337 3658 Appiano
1353 3581 1380 3640 b.
1397 3600 1422 3640 c.
1441 3584 1467 3654 1,
1484 3582 1532 3640 60.

534 3684 589 3756 91,
617 3684 710 3744 Floro
733 3684 767 3758 2,
791 3687 825 3759 9,
853 3684 1132 3745 Pseudo-Asconio
1160 3684 1198 3742 ad
1219 3683 1338 3743 Verria.
1362 3682 1396 3755 2,
1420 3686 1433 3741 1
1463 3682 1532 3760 §37

534 3785 578 3864 (p.
595 3786 654 3847 168
677 3786 797 3864 Orell.).

452 3886 512 3963 Qui
536 3907 628 3949 cenae
654 3890 817 3966 pontificali
839 3890 1050 3950 celeberrimae
1077 3890 1114 3949 de
1140 3907 1200 3964 qua
1227 3888 1341 3947 rettulit
1361 3888 1533 3948 Macrobius

451 3998 507 4050 sat.
530 3991 677 4065 3,13,11
702 3993 835 4052 interluit
856 3993 892 4052 P.
915 3993 1122 4051 Albinovanus
1143 3991 1280 4068 pontifex
1301 3991 1400 4049 minor
1421 3992 1459 4050 ab
1480 3992 1534 4048 illo

450 4094 579 4155 fortasse
602 4114 664 4154 non
685 4094 824 4154 diversus
845 4103 893 4154 est
914 4095 1063 4171 (meminit
1084 4094 1147 4152 eius
1169 4094 1201 4151 in
1224 4103 1396 4152 transcursu
1418 4100 1534 4151 tantum

451 4196 594 4257 Bardtins
615 4205 717 4257 noster
738 4199 768 4256 in
785 4199 1033 4256 commentatione
1048 4196 1085 4256 de
1101 4196 1304 4255 sacerdotibus
1318 4203 1460 4271 quattuor
1475 4195 1534 4254 col·

451 4300 597 4378 legiornm
619 4300 762 4358 maiorum
786 4319 815 4378 p.
833 4300 875 4375 2).

452 4402 649 4463 Albinouanus
665 4402 699 4462 l’.
716 4401 807 4462 Sestii
828 4414 986 4461 accusator
1004 4401 1081 4479 apud
1096 4399 1271 4461 Ciceronem
1293 4400 1535 4476 interrogationis

534 4504 566 4563 in
586 4504 623 4564 P.
639 4505 793 4565 Vatinium
818 4507 845 4576 1,
866 4505 894 4562 3.
916 4506 952 4564 17
976 4516 1082 4581 quater
1103 4504 1281 4582 appellatur.
1323 4504 1356 4561 Is
1376 4513 1535 4581 propterea

534 4606 615 4683 quod
643 4605 750 4667 Cicero
777 4607 890 4682 Quinto
917 4607 1003 4667 fratri
1025 4605 1058 4678 2,
1081 4608 1116 4679 3,
1140 4609 1158 4666 5
1188 4605 1310 4683 scripsit
1336 4607 1372 4664 P.
1402 4602 1532 4665 Sestium

533 4704 726 4786 ‘postulatum
754 4728 819 4769 esse
845 4709 949 4769 eodem
973 4709 1021 4769 die
1043 4728 1062 4766 a
1084 4710 1213 4786 quodam
1235 4710 1276 4767 M.
1299 4707 1401 4766 Tullio
1424 4708 1460 4767 de
1482 4704 1534 4781 ri‘,

535 4812 664 4871 creditur
701 4813 822 4871 nomina
859 4813 1001 4871 habuisse
1037 4814 1078 4871 M.
1112 4811 1207 4870 Tullii
1239 4811 1423 4869 Albinovani
1454 4809 1533 4868 Dru-

535 4914 678 4973 mann06
701 4935 729 4992 p.
746 4914 817 4981 665,
839 4914 962 4973 Halmio
984 4916 1015 4972 in
1037 4914 1221 4991 praefatione
1243 4914 1281 4971 ad
1297 4913 1454 4973 Sestianae
1473 4913 1535 4970 edi·

535 5018 655 5091 tionem,
678 5017 793 5078 0151115
815 5017 847 5076 in
869 5016 1075 5088 Onomastico‚
1098 5016 1174 5074 aliis.
1211 5015 1310 5073 Etiam
1330 5014 1368 5073 T.
1391 5013 1534 5074 Claudius

536 5129 566 5178 51
586 5117 643 5179 Cn.
657 5119 769 5179 Nerius
791 5120 928 5179 homines
951 5120 1070 5178 aliunde
1092 5138 1151 5177 non
1174 5118 1235 5176 noti
1258 5117 1410 5195 postulare
1433 5118 1534 5175 volue-

535 5229 606 5281 runt
626 5222 662 5281 P.
685 5220 831 5297 Sestium
858 5241 928 5281 5551
950 5221 993 5294 15,
1013 5241 1102 5299 quem
1125 5220 1229 5280 Cicero
1251 5221 1288 5279 dc
1310 5221 1340 5278 vi
1362 5220 1535 5296 postulasse
