<?xml version="1.0" encoding="UTF-8"?>
<!DOCTYPE html PUBLIC "-//W3C//DTD XHTML 1.0 Transitional//EN"
    "http://www.w3.org/TR/xhtml1/DTD/xhtml1-transitional.dtd">
<html xmlns="http://www.w3.org/1999/xhtml" xml:lang="en" lang="en">
 <head>
  <title>
</title>
<meta http-equiv="Content-Type" content="text/html;charset=utf-8" />
  <meta name='ocr-system' content='tesseract 3.04.00' />
  <meta name='ocr-capabilities' content='ocr_page ocr_carea ocr_par ocr_line ocrx_word'/>
</head>
<body>
  <div class='ocr_page' id='page_1' title='image "./ephemerisepigra03instgoog/ephemerisepigra03instgoog_0141.png"; bbox 0 0 3458 6292; ppageno 0'>
   <div class='ocr_carea' id='block_1_1' title="bbox 193 482 1076 553">
    <p class='ocr_par' dir='ltr' id='par_1_1' title="bbox 193 482 1076 553">
     <span class='ocr_line' id='line_1_1' title="bbox 193 482 1076 553; baseline -0.003 -1"><span class='ocrx_word' id='word_1_1' title='bbox 193 482 261 552; x_wconf 88' lang='grc'>130</span> <span class='ocrx_word' id='word_1_2' title='bbox 620 501 924 551; x_wconf 75' lang='lat' dir='ltr'>aonr&#39;rauas&#39;rvar</span> <span class='ocrx_word' id='word_1_3' title='bbox 944 500 1026 553; x_wconf 78' lang='lat' dir='ltr'>voa.</span> <span class='ocrx_word' id='word_1_4' title='bbox 1048 501 1076 549; x_wconf 86' lang='lat'>11</span> 
     </span>
    </p>
   </div>
   <div class='ocr_carea' id='block_1_2' title="bbox 42 672 1515 3207">
    <p class='ocr_par' dir='ltr' id='par_1_2' title="bbox 181 672 1515 1776">
     <span class='ocr_line' id='line_1_2' title="bbox 183 672 1515 750; baseline 0.002 -18"><span class='ocrx_word' id='word_1_5' title='bbox 183 674 322 733; x_wconf 82' lang='lat' dir='ltr'>iratribus</span> <span class='ocrx_word' id='word_1_6' title='bbox 346 676 518 733; x_wconf 78' lang='lat' dir='ltr'>Arvalibus.</span> <span class='ocrx_word' id='word_1_7' title='bbox 561 675 620 735; x_wconf 87' lang='lat' dir='ltr'>Sed</span> <span class='ocrx_word' id='word_1_8' title='bbox 642 676 730 733; x_wconf 89' lang='lat' dir='ltr'>etiam</span> <span class='ocrx_word' id='word_1_9' title='bbox 752 674 867 732; x_wconf 88' lang='lat' dir='ltr'>Rornae</span> <span class='ocrx_word' id='word_1_10' title='bbox 889 674 953 732; x_wconf 85' lang='lat' dir='ltr'>lieri</span> <span class='ocrx_word' id='word_1_11' title='bbox 976 684 1083 750; x_wconf 90' lang='lat' dir='ltr'>potest,</span> <span class='ocrx_word' id='word_1_12' title='bbox 1106 684 1139 732; x_wconf 90' lang='lat' dir='ltr'>ut</span> <span class='ocrx_word' id='word_1_13' title='bbox 1160 672 1300 733; x_wconf 78' lang='lat' dir='ltr'>Caesaris</span> <span class='ocrx_word' id='word_1_14' title='bbox 1322 683 1419 733; x_wconf 87' lang='lat' dir='ltr'>aetate</span> <span class='ocrx_word' id='word_1_15' title='bbox 1441 676 1515 734; x_wconf 86' lang='lat' dir='ltr'>lana</span> 
     </span>
     <span class='ocr_line' id='line_1_3' title="bbox 182 777 1513 854; baseline 0.002 -21"><span class='ocrx_word' id='word_1_16' title='bbox 182 777 291 835; x_wconf 88' lang='lat' dir='ltr'>fuerint</span> <span class='ocrx_word' id='word_1_17' title='bbox 312 778 431 854; x_wconf 89' lang='lat' dir='ltr'>publice</span> <span class='ocrx_word' id='word_1_18' title='bbox 451 778 597 850; x_wconf 85' lang='lat' dir='ltr'>dedicata,</span> <span class='ocrx_word' id='word_1_19' title='bbox 619 780 726 854; x_wconf 85' lang='lat' dir='ltr'>quibus</span> <span class='ocrx_word' id='word_1_20' title='bbox 748 797 813 836; x_wconf 91' lang='lat' dir='ltr'>cum</span> <span class='ocrx_word' id='word_1_21' title='bbox 837 777 964 853; x_wconf 87' lang='lat' dir='ltr'>collegia</span> <span class='ocrx_word' id='word_1_22' title='bbox 985 787 1128 853; x_wconf 92' lang='lat' dir='ltr'>perpetua</span> <span class='ocrx_word' id='word_1_23' title='bbox 1147 777 1230 835; x_wconf 88' lang='lat' dir='ltr'>nulla</span> <span class='ocrx_word' id='word_1_24' title='bbox 1244 778 1385 836; x_wconf 86' lang='lat' dir='ltr'>attributa</span> <span class='ocrx_word' id='word_1_25' title='bbox 1400 787 1513 847; x_wconf 82' lang='lat' dir='ltr'><strong>essent,</strong></span> 
     </span>
     <span class='ocr_line' id='line_1_4' title="bbox 183 879 1513 959; baseline 0.002 -23"><span class='ocrx_word' id='word_1_26' title='bbox 183 889 335 937; x_wconf 82' lang='lat' dir='ltr'><strong>curatores</strong></span> <span class='ocrx_word' id='word_1_27' title='bbox 362 879 451 938; x_wconf 89' lang='lat' dir='ltr'>dandi</span> <span class='ocrx_word' id='word_1_28' title='bbox 478 892 580 939; x_wconf 89' lang='lat' dir='ltr'>esseut</span> <span class='ocrx_word' id='word_1_29' title='bbox 605 902 624 940; x_wconf 92' lang='lat' dir='ltr'>a</span> <span class='ocrx_word' id='word_1_30' title='bbox 649 879 884 959; x_wconf 86' lang='lat' dir='ltr'>magistratibus.</span> <span class='ocrx_word' id='word_1_31' title='bbox 930 879 1024 937; x_wconf 92' lang='lat' dir='ltr'>Immo</span> <span class='ocrx_word' id='word_1_32' title='bbox 1050 898 1127 955; x_wconf 90' lang='lat' dir='ltr'>quae</span> <span class='ocrx_word' id='word_1_33' title='bbox 1149 880 1259 938; x_wconf 89' lang='lat' dir='ltr'>tradita</span> <span class='ocrx_word' id='word_1_34' title='bbox 1280 880 1451 957; x_wconf 87' lang='lat' dir='ltr'>accepimns</span> <span class='ocrx_word' id='word_1_35' title='bbox 1476 880 1513 939; x_wconf 93' lang='lat' dir='ltr'>de</span> 
     </span>
     <span class='ocr_line' id='line_1_5' title="bbox 183 981 1513 1061; baseline 0.002 -22"><span class='ocrx_word' id='word_1_36' title='bbox 183 982 335 1057; x_wconf 75' lang='lat' dir='ltr'>magistris</span> <span class='ocrx_word' id='word_1_37' title='bbox 362 984 495 1040; x_wconf 88' lang='lat' dir='ltr'>vicorum</span> <span class='ocrx_word' id='word_1_38' title='bbox 522 1000 724 1059; x_wconf 85' lang='lat' dir='ltr'>pagornmque</span> <span class='ocrx_word' id='word_1_39' title='bbox 750 1002 816 1040; x_wconf 87' lang='lat' dir='ltr'>curn</span> <span class='ocrx_word' id='word_1_40' title='bbox 839 982 949 1041; x_wconf 88' lang='lat' dir='ltr'>liberae</span> <span class='ocrx_word' id='word_1_41' title='bbox 971 981 1014 1039; x_wconf 91' lang='lat' dir='ltr'>rei</span> <span class='ocrx_word' id='word_1_42' title='bbox 1037 983 1175 1058; x_wconf 90' lang='lat' dir='ltr'>publicae</span> <span class='ocrx_word' id='word_1_43' title='bbox 1198 983 1305 1041; x_wconf 88' lang='lat' dir='ltr'>aetatis</span> <span class='ocrx_word' id='word_1_44' title='bbox 1327 993 1389 1042; x_wconf 91' lang='lat' dir='ltr'>tum</span> <span class='ocrx_word' id='word_1_45' title='bbox 1410 993 1513 1061; x_wconf 85' lang='lat' dir='ltr'>poste·</span> 
     </span>
     <span class='ocr_line' id='line_1_6' title="bbox 182 1085 1513 1164; baseline 0 -22"><span class='ocrx_word' id='word_1_46' title='bbox 182 1085 272 1143; x_wconf 89' lang='lat' dir='ltr'>rioris</span> <span class='ocrx_word' id='word_1_47' title='bbox 298 1085 376 1142; x_wconf 91' lang='lat' dir='ltr'>haud</span> <span class='ocrx_word' id='word_1_48' title='bbox 406 1085 468 1141; x_wconf 92' lang='lat' dir='ltr'>scio</span> <span class='ocrx_word' id='word_1_49' title='bbox 496 1104 534 1142; x_wconf 89' lang='lat' dir='ltr'>an</span> <span class='ocrx_word' id='word_1_50' title='bbox 561 1086 618 1143; x_wconf 90' lang='lat' dir='ltr'>huc</span> <span class='ocrx_word' id='word_1_51' title='bbox 643 1085 825 1162; x_wconf 88' lang='lat' dir='ltr'>pertineant;</span> <span class='ocrx_word' id='word_1_52' title='bbox 853 1104 949 1161; x_wconf 90' lang='lat' dir='ltr'>neque</span> <span class='ocrx_word' id='word_1_53' title='bbox 976 1085 1052 1144; x_wconf 89' lang='lat' dir='ltr'>enim</span> <span class='ocrx_word' id='word_1_54' title='bbox 1083 1085 1114 1143; x_wconf 91' lang='lat' dir='ltr'>hi</span> <span class='ocrx_word' id='word_1_55' title='bbox 1141 1087 1333 1164; x_wconf 82' lang='lat' dir='ltr'>magistratus</span> <span class='ocrx_word' id='word_1_56' title='bbox 1360 1093 1431 1144; x_wconf 91' lang='lat' dir='ltr'>sunt</span> <span class='ocrx_word' id='word_1_57' title='bbox 1458 1086 1513 1160; x_wconf 90' lang='lat' dir='ltr'>qui</span> 
     </span>
     <span class='ocr_line' id='line_1_7' title="bbox 182 1186 1512 1266; baseline 0.001 -22"><span class='ocrx_word' id='word_1_58' title='bbox 182 1186 252 1244; x_wconf 90' lang='lat' dir='ltr'>item</span> <span class='ocrx_word' id='word_1_59' title='bbox 279 1204 366 1243; x_wconf 89' lang='lat' dir='ltr'>saera</span> <span class='ocrx_word' id='word_1_60' title='bbox 387 1196 505 1257; x_wconf 91' lang='lat' dir='ltr'>curant,</span> <span class='ocrx_word' id='word_1_61' title='bbox 533 1187 585 1246; x_wconf 90' lang='lat' dir='ltr'>sed</span> <span class='ocrx_word' id='word_1_62' title='bbox 608 1186 779 1245; x_wconf 80' lang='lat' dir='ltr'>sacerdotes</span> <span class='ocrx_word' id='word_1_63' title='bbox 801 1195 920 1264; x_wconf 88' lang='lat' dir='ltr'>praeter</span> <span class='ocrx_word' id='word_1_64' title='bbox 945 1205 1032 1245; x_wconf 87' lang='lat' dir='ltr'>sacra</span> <span class='ocrx_word' id='word_1_65' title='bbox 1052 1187 1141 1247; x_wconf 88' lang='lat' dir='ltr'>etiam</span> <span class='ocrx_word' id='word_1_66' title='bbox 1163 1188 1201 1248; x_wconf 92' lang='lat' dir='ltr'>ad</span> <span class='ocrx_word' id='word_1_67' title='bbox 1222 1189 1344 1266; x_wconf 88' lang='lat' dir='ltr'>publica</span> <span class='ocrx_word' id='word_1_68' title='bbox 1362 1187 1512 1264; x_wconf 85' lang='lat' dir='ltr'>quaedam</span> 
     </span>
     <span class='ocr_line' id='line_1_8' title="bbox 182 1288 1512 1366; baseline 0.002 -21"><span class='ocrx_word' id='word_1_69' title='bbox 182 1288 302 1363; x_wconf 80' lang='lat' dir='ltr'>negotia</span> <span class='ocrx_word' id='word_1_70' title='bbox 316 1289 424 1347; x_wconf 83' lang='lat' dir='ltr'>vocati.</span> <span class='ocrx_word' id='word_1_71' title='bbox 462 1289 510 1347; x_wconf 87' lang='lat' dir='ltr'>Ad</span> <span class='ocrx_word' id='word_1_72' title='bbox 533 1289 563 1346; x_wconf 93' lang='lat' dir='ltr'>id</span> <span class='ocrx_word' id='word_1_73' title='bbox 579 1291 750 1366; x_wconf 84' lang='lat' dir='ltr'>exemplum</span> <span class='ocrx_word' id='word_1_74' title='bbox 765 1308 831 1347; x_wconf 89' lang='lat' dir='ltr'>curn</span> <span class='ocrx_word' id='word_1_75' title='bbox 847 1289 981 1348; x_wconf 87' lang='lat' dir='ltr'>coloniae</span> <span class='ocrx_word' id='word_1_76' title='bbox 993 1290 1254 1360; x_wconf 82' lang='lat' dir='ltr'>constituerentur,</span> <span class='ocrx_word' id='word_1_77' title='bbox 1276 1289 1391 1348; x_wconf 79' lang='lat' dir='ltr'>duoviri</span> <span class='ocrx_word' id='word_1_78' title='bbox 1407 1308 1512 1348; x_wconf 90' lang='lat' dir='ltr'>eornm</span> 
     </span>
     <span class='ocr_line' id='line_1_9' title="bbox 182 1389 1512 1469; baseline 0.002 -23"><span class='ocrx_word' id='word_1_79' title='bbox 182 1389 266 1465; x_wconf 91' lang='lat' dir='ltr'>(uam</span> <span class='ocrx_word' id='word_1_80' title='bbox 288 1389 325 1447; x_wconf 90' lang='lat' dir='ltr'>de</span> <span class='ocrx_word' id='word_1_81' title='bbox 347 1390 495 1449; x_wconf 91' lang='lat' dir='ltr'>aedilibus</span> <span class='ocrx_word' id='word_1_82' title='bbox 510 1391 576 1449; x_wconf 89' lang='lat' dir='ltr'>vide</span> <span class='ocrx_word' id='word_1_83' title='bbox 598 1392 758 1451; x_wconf 88' lang='lat' dir='ltr'>observata</span> <span class='ocrx_word' id='word_1_84' title='bbox 779 1413 806 1469; x_wconf 88' lang='lat' dir='ltr'>p.</span> <span class='ocrx_word' id='word_1_85' title='bbox 825 1391 898 1467; x_wconf 79' lang='lat'>145)</span> <span class='ocrx_word' id='word_1_86' title='bbox 921 1391 1099 1451; x_wconf 90' lang='lat' dir='ltr'>iubebantur</span> <span class='ocrx_word' id='word_1_87' title='bbox 1120 1412 1159 1451; x_wconf 86' lang='lat' dir='ltr'>ex</span> <span class='ocrx_word' id='word_1_88' title='bbox 1180 1392 1373 1451; x_wconf 83' lang='lat' dir='ltr'>decurionum</span> <span class='ocrx_word' id='word_1_89' title='bbox 1389 1391 1512 1450; x_wconf 87' lang='lat' dir='ltr'>decreto</span> 
     </span>
     <span class='ocr_line' id='line_1_10' title="bbox 181 1494 1512 1571; baseline 0.003 -23"><span class='ocrx_word' id='word_1_90' title='bbox 181 1499 334 1551; x_wconf 81' lang='lat' dir='ltr'>curatores</span> <span class='ocrx_word' id='word_1_91' title='bbox 357 1494 494 1551; x_wconf 80' lang='lat' dir='ltr'>sanorum</span> <span class='ocrx_word' id='word_1_92' title='bbox 517 1495 677 1570; x_wconf 84' lang='lat' dir='ltr'>quotannis</span> <span class='ocrx_word' id='word_1_93' title='bbox 699 1505 771 1571; x_wconf 89' lang='lat' dir='ltr'>quot</span> <span class='ocrx_word' id='word_1_94' title='bbox 792 1504 942 1571; x_wconf 87' lang='lat' dir='ltr'>oporteret</span> <span class='ocrx_word' id='word_1_95' title='bbox 963 1495 1071 1554; x_wconf 84' lang='lat' dir='ltr'>facere.</span> <span class='ocrx_word' id='word_1_96' title='bbox 1088 1529 1126 1539; x_wconf 89' lang='lat'>-</span> <span class='ocrx_word' id='word_1_97' title='bbox 1152 1494 1201 1553; x_wconf 92' lang='lat' dir='ltr'>De</span> <span class='ocrx_word' id='word_1_98' title='bbox 1223 1495 1297 1569; x_wconf 89' lang='lat' dir='ltr'>ipsis</span> <span class='ocrx_word' id='word_1_99' title='bbox 1319 1494 1512 1552; x_wconf 85' lang='lat' dir='ltr'>caerimoniis</span> 
     </span>
     <span class='ocr_line' id='line_1_11' title="bbox 182 1594 1511 1674; baseline 0.002 -23"><span class='ocrx_word' id='word_1_100' title='bbox 182 1594 239 1651; x_wconf 90' lang='lat' dir='ltr'>hoe</span> <span class='ocrx_word' id='word_1_101' title='bbox 260 1594 354 1653; x_wconf 90' lang='lat' dir='ltr'>solum</span> <span class='ocrx_word' id='word_1_102' title='bbox 377 1595 486 1655; x_wconf 88' lang='lat' dir='ltr'>adnoto</span> <span class='ocrx_word' id='word_1_103' title='bbox 508 1597 735 1672; x_wconf 89' lang='lat' dir='ltr'>antiquissimas</span> <span class='ocrx_word' id='word_1_104' title='bbox 756 1615 823 1656; x_wconf 88' lang='lat' dir='ltr'>esse</span> <span class='ocrx_word' id='word_1_105' title='bbox 846 1616 948 1657; x_wconf 89' lang='lat' dir='ltr'>omnes</span> <span class='ocrx_word' id='word_1_106' title='bbox 970 1598 1130 1668; x_wconf 87' lang='lat' dir='ltr'>sacrificia,</span> <span class='ocrx_word' id='word_1_107' title='bbox 1151 1596 1322 1674; x_wconf 86' lang='lat' dir='ltr'>pulvinaria</span> <span class='ocrx_word' id='word_1_108' title='bbox 1342 1596 1407 1655; x_wconf 85' lang='lat' dir='ltr'>sive</span> <span class='ocrx_word' id='word_1_109' title='bbox 1429 1596 1511 1655; x_wconf 91' lang='lat' dir='ltr'>lecti·</span> 
     </span>
     <span class='ocr_line' id='line_1_12' title="bbox 182 1696 1511 1776; baseline 0.003 -22"><span class='ocrx_word' id='word_1_110' title='bbox 182 1696 339 1772; x_wconf 88' lang='lat' dir='ltr'>sternia¹),</span> <span class='ocrx_word' id='word_1_111' title='bbox 364 1697 450 1756; x_wconf 91' lang='lat' dir='ltr'>ludos</span> <span class='ocrx_word' id='word_1_112' title='bbox 472 1699 635 1770; x_wconf 85' lang='lat' dir='ltr'>circenses3</span> <span class='ocrx_word' id='word_1_113' title='bbox 657 1701 764 1776; x_wconf 90' lang='lat' dir='ltr'>quibus</span> <span class='ocrx_word' id='word_1_114' title='bbox 787 1701 914 1758; x_wconf 86' lang='lat' dir='ltr'>scaenici</span> <span class='ocrx_word' id='word_1_115' title='bbox 936 1717 995 1756; x_wconf 89' lang='lat' dir='ltr'>non</span> <span class='ocrx_word' id='word_1_116' title='bbox 1017 1700 1113 1776; x_wconf 85' lang='lat' dir='ltr'>magis</span> <span class='ocrx_word' id='word_1_117' title='bbox 1135 1699 1266 1758; x_wconf 90' lang='lat' dir='ltr'>adiuncti</span> <span class='ocrx_word' id='word_1_118' title='bbox 1289 1708 1359 1759; x_wconf 90' lang='lat' dir='ltr'>sunt</span> <span class='ocrx_word' id='word_1_119' title='bbox 1374 1716 1466 1774; x_wconf 88' lang='lat' dir='ltr'>quam</span> <span class='ocrx_word' id='word_1_120' title='bbox 1481 1699 1511 1758; x_wconf 87' lang='lat' dir='ltr'>io</span> 
     </span>
    </p>

    <p class='ocr_par' dir='ltr' id='par_1_3' title="bbox 42 1798 1514 3207">
     <span class='ocr_line' id='line_1_13' title="bbox 181 1798 1127 1878; baseline 0.005 -23"><span class='ocrx_word' id='word_1_121' title='bbox 181 1798 261 1856; x_wconf 90' lang='lat' dir='ltr'>lndis</span> <span class='ocrx_word' id='word_1_122' title='bbox 286 1800 405 1859; x_wconf 88' lang='lat' dir='ltr'>urbanis</span> <span class='ocrx_word' id='word_1_123' title='bbox 426 1802 643 1878; x_wconf 84' lang='lat' dir='ltr'>antiquissimis</span> <span class='ocrx_word' id='word_1_124' title='bbox 665 1800 867 1861; x_wconf 85' lang='lat' dir='ltr'>Consualibus</span> <span class='ocrx_word' id='word_1_125' title='bbox 889 1810 919 1859; x_wconf 90' lang='lat' dir='ltr'>et</span> <span class='ocrx_word' id='word_1_126' title='bbox 940 1801 1127 1878; x_wconf 83' lang='lat' dir='ltr'>Equirribus.</span> 
     </span>
     <span class='ocr_line' id='line_1_14' title="bbox 71 1900 1511 1979; baseline 0.003 -22"><span class='ocrx_word' id='word_1_127' title='bbox 71 1907 142 1957; x_wconf 84' lang='lat' dir='ltr'>Cura</span> <span class='ocrx_word' id='word_1_128' title='bbox 268 1900 316 1961; x_wconf 90' lang='lat' dir='ltr'>De</span> <span class='ocrx_word' id='word_1_129' title='bbox 337 1902 412 1961; x_wconf 92' lang='lat' dir='ltr'>locis</span> <span class='ocrx_word' id='word_1_130' title='bbox 433 1903 571 1961; x_wconf 90' lang='lat' dir='ltr'>ludorum</span> <span class='ocrx_word' id='word_1_131' title='bbox 594 1905 822 1979; x_wconf 89' lang='lat' dir='ltr'>spectandorum</span> <span class='ocrx_word' id='word_1_132' title='bbox 845 1921 937 1963; x_wconf 89' lang='lat' dir='ltr'>causa</span> <span class='ocrx_word' id='word_1_133' title='bbox 958 1904 1155 1963; x_wconf 89' lang='lat' dir='ltr'>attribuendis</span> <span class='ocrx_word' id='word_1_134' title='bbox 1177 1905 1235 1963; x_wconf 88' lang='lat' dir='ltr'>tria</span> <span class='ocrx_word' id='word_1_135' title='bbox 1261 1903 1360 1979; x_wconf 85' lang='lat' dir='ltr'>capita</span> <span class='ocrx_word' id='word_1_136' title='bbox 1381 1900 1511 1963; x_wconf 80' lang='lat' dir='ltr'>CXXV.</span> 
     </span>
     <span class='ocr_line' id='line_1_15' title="bbox 47 1982 1513 2083; baseline 0.002 -21"><span class='ocrx_word' id='word_1_137' title='bbox 47 1982 166 2033; x_wconf 84' lang='lat' dir='ltr'>ludorum</span> <span class='ocrx_word' id='word_1_138' title='bbox 186 2001 332 2063; x_wconf 86' lang='lat' dir='ltr'>CXXVI.</span> <span class='ocrx_word' id='word_1_139' title='bbox 349 2003 496 2064; x_wconf 84' lang='lat' dir='ltr'>CXXVII</span> <span class='ocrx_word' id='word_1_140' title='bbox 522 2006 564 2063; x_wconf 91' lang='lat' dir='ltr'>ita</span> <span class='ocrx_word' id='word_1_141' title='bbox 590 2014 697 2083; x_wconf 85' lang='lat' dir='ltr'>agunt,</span> <span class='ocrx_word' id='word_1_142' title='bbox 725 2015 757 2064; x_wconf 92' lang='lat' dir='ltr'>ut</span> <span class='ocrx_word' id='word_1_143' title='bbox 784 2007 912 2082; x_wconf 88' lang='lat' dir='ltr'>primum</span> <span class='ocrx_word' id='word_1_144' title='bbox 935 2008 1083 2083; x_wconf 87' lang='lat' dir='ltr'>pertineat</span> <span class='ocrx_word' id='word_1_145' title='bbox 1104 2006 1140 2063; x_wconf 92' lang='lat' dir='ltr'>ad</span> <span class='ocrx_word' id='word_1_146' title='bbox 1163 2006 1251 2065; x_wconf 93' lang='lat' dir='ltr'>ludos</span> <span class='ocrx_word' id='word_1_147' title='bbox 1272 2006 1304 2063; x_wconf 94' lang='lat' dir='ltr'>in</span> <span class='ocrx_word' id='word_1_148' title='bbox 1326 2006 1513 2077; x_wconf 80' lang='lat' dir='ltr'>universum,</span> 
     </span>
     <span class='ocr_line' id='line_1_16' title="bbox 183 2108 1513 2187; baseline 0.001 -21"><span class='ocrx_word' id='word_1_149' title='bbox 183 2109 243 2166; x_wconf 92' lang='lat' dir='ltr'>duo</span> <span class='ocrx_word' id='word_1_150' title='bbox 271 2109 331 2167; x_wconf 87' lang='lat' dir='ltr'>alia</span> <span class='ocrx_word' id='word_1_151' title='bbox 358 2109 396 2168; x_wconf 93' lang='lat' dir='ltr'>ad</span> <span class='ocrx_word' id='word_1_152' title='bbox 423 2109 506 2167; x_wconf 91' lang='lat' dir='ltr'>solos</span> <span class='ocrx_word' id='word_1_153' title='bbox 532 2110 695 2167; x_wconf 89' lang='lat' dir='ltr'>scaenicos.</span> <span class='ocrx_word' id='word_1_154' title='bbox 738 2109 779 2166; x_wconf 85' lang='lat' dir='ltr'>Et</span> <span class='ocrx_word' id='word_1_155' title='bbox 804 2110 860 2168; x_wconf 90' lang='lat' dir='ltr'>hos</span> <span class='ocrx_word' id='word_1_156' title='bbox 887 2111 1005 2186; x_wconf 91' lang='lat' dir='ltr'>quidem</span> <span class='ocrx_word' id='word_1_157' title='bbox 1032 2110 1132 2168; x_wconf 87' lang='lat' dir='ltr'>facere</span> <span class='ocrx_word' id='word_1_158' title='bbox 1159 2108 1297 2167; x_wconf 89' lang='lat' dir='ltr'>dicuntur</span> <span class='ocrx_word' id='word_1_159' title='bbox 1318 2110 1513 2187; x_wconf 84' lang='lat' dir='ltr'>magistratus</span> 
     </span>
     <span class='ocr_line' id='line_1_17' title="bbox 183 2210 1513 2287; baseline 0.001 -18"><span class='ocrx_word' id='word_1_160' title='bbox 183 2210 319 2269; x_wconf 89' lang='lat' dir='ltr'>coloniae</span> <span class='ocrx_word' id='word_1_161' title='bbox 345 2211 448 2282; x_wconf 81' lang='lat' dir='ltr'>aliive3</span> <span class='ocrx_word' id='word_1_162' title='bbox 477 2211 519 2270; x_wconf 91' lang='lat' dir='ltr'>illi</span> <span class='ocrx_word' id='word_1_163' title='bbox 548 2211 695 2270; x_wconf 88' lang='lat' dir='ltr'>circenses</span> <span class='ocrx_word' id='word_1_164' title='bbox 722 2212 908 2287; x_wconf 89' lang='lat' dir='ltr'>potissimum</span> <span class='ocrx_word' id='word_1_165' title='bbox 931 2230 997 2271; x_wconf 86' lang='lat' dir='ltr'>esse</span> <span class='ocrx_word' id='word_1_166' title='bbox 1018 2212 1170 2280; x_wconf 81' lang='lat' dir='ltr'>videntur,</span> <span class='ocrx_word' id='word_1_167' title='bbox 1196 2211 1328 2269; x_wconf 84' lang='lat' dir='ltr'>maxime</span> <span class='ocrx_word' id='word_1_168' title='bbox 1348 2213 1459 2287; x_wconf 87' lang='lat' dir='ltr'>opinor</span> <span class='ocrx_word' id='word_1_169' title='bbox 1480 2213 1513 2284; x_wconf 89' lang='lat' dir='ltr'>ii,</span> 
     </span>
     <span class='ocr_line' id='line_1_18' title="bbox 182 2311 1512 2391; baseline 0.004 -24"><span class='ocrx_word' id='word_1_170' title='bbox 182 2330 259 2388; x_wconf 90' lang='lat' dir='ltr'>quos</span> <span class='ocrx_word' id='word_1_171' title='bbox 288 2315 449 2391; x_wconf 80' lang='lat' dir='ltr'>magistros</span> <span class='ocrx_word' id='word_1_172' title='bbox 476 2315 611 2371; x_wconf 87' lang='lat' dir='ltr'>fanorum</span> <span class='ocrx_word' id='word_1_173' title='bbox 639 2314 690 2371; x_wconf 86' lang='lat' dir='ltr'>lex</span> <span class='ocrx_word' id='word_1_174' title='bbox 719 2314 817 2372; x_wconf 84' lang='lat' dir='ltr'>lacere</span> <span class='ocrx_word' id='word_1_175' title='bbox 844 2314 928 2372; x_wconf 91' lang='lat' dir='ltr'>iubet</span> <span class='ocrx_word' id='word_1_176' title='bbox 955 2334 979 2371; x_wconf 89' lang='lat' dir='ltr'>e.</span> <span class='ocrx_word' id='word_1_177' title='bbox 1003 2311 1172 2372; x_wconf 83' lang='lat' dir='ltr'>CXXVIII</span> <span class='ocrx_word' id='word_1_178' title='bbox 1199 2313 1248 2388; x_wconf 82' lang='lat'>(7,</span> <span class='ocrx_word' id='word_1_179' title='bbox 1267 2314 1313 2372; x_wconf 87' lang='grc'>17.</span> <span class='ocrx_word' id='word_1_180' title='bbox 1332 2313 1402 2388; x_wconf 84' lang='grc'>19),</span> <span class='ocrx_word' id='word_1_181' title='bbox 1430 2315 1512 2390; x_wconf 92' lang='lat' dir='ltr'>quod</span> 
     </span>
     <span class='ocr_line' id='line_1_19' title="bbox 45 2413 1514 2493; baseline 0.006 -27"><span class='ocrx_word' id='word_1_182' title='bbox 45 2419 169 2468; x_wconf 75' lang='lat' dir='ltr'>Decurio·</span> <span class='ocrx_word' id='word_1_183' title='bbox 183 2423 272 2490; x_wconf 88' lang='lat' dir='ltr'>eaput</span> <span class='ocrx_word' id='word_1_184' title='bbox 294 2415 332 2474; x_wconf 91' lang='lat' dir='ltr'>ob</span> <span class='ocrx_word' id='word_1_185' title='bbox 354 2415 383 2473; x_wconf 95' lang='lat' dir='ltr'>id</span> <span class='ocrx_word' id='word_1_186' title='bbox 406 2417 505 2493; x_wconf 91' lang='lat' dir='ltr'>ipsum</span> <span class='ocrx_word' id='word_1_187' title='bbox 528 2434 564 2473; x_wconf 91' lang='lat' dir='ltr'>ea</span> <span class='ocrx_word' id='word_1_188' title='bbox 585 2415 698 2492; x_wconf 89' lang='lat' dir='ltr'>excipit</span> <span class='ocrx_word' id='word_1_189' title='bbox 719 2433 796 2491; x_wconf 90' lang='lat' dir='ltr'>quae</span> <span class='ocrx_word' id='word_1_190' title='bbox 819 2416 855 2474; x_wconf 92' lang='lat' dir='ltr'>de</span> <span class='ocrx_word' id='word_1_191' title='bbox 876 2416 1054 2491; x_wconf 87' lang='lat' dir='ltr'>spectaculis</span> <span class='ocrx_word' id='word_1_192' title='bbox 1076 2413 1217 2492; x_wconf 72' lang='lat' dir='ltr'>sunt2).·</span> <span class='ocrx_word' id='word_1_193' title='bbox 1237 2415 1278 2472; x_wconf 89' lang='lat' dir='ltr'>Et</span> <span class='ocrx_word' id='word_1_194' title='bbox 1299 2414 1514 2475; x_wconf 87' lang='lat' dir='ltr'>decurionibus</span> 
     </span>
     <span class='ocr_line' id='line_1_20' title="bbox 42 2494 1512 2630; baseline 0.002 -56"><span class='ocrx_word' id='word_1_195' title='bbox 42 2494 171 2630; x_wconf 45' lang='lat' dir='ltr'>sgffmiss.</span> <span class='ocrx_word' id='word_1_196' title='bbox 183 2516 301 2592; x_wconf 88' lang='lat' dir='ltr'>quidem</span> <span class='ocrx_word' id='word_1_197' title='bbox 330 2518 359 2574; x_wconf 92' lang='lat' dir='ltr'>in</span> <span class='ocrx_word' id='word_1_198' title='bbox 382 2517 459 2576; x_wconf 91' lang='lat' dir='ltr'>ludis</span> <span class='ocrx_word' id='word_1_199' title='bbox 482 2518 653 2594; x_wconf 83' lang='lat' dir='ltr'>spectandis</span> <span class='ocrx_word' id='word_1_200' title='bbox 677 2534 813 2576; x_wconf 87' lang='lat' dir='ltr'>scorsum</span> <span class='ocrx_word' id='word_1_201' title='bbox 834 2517 932 2575; x_wconf 90' lang='lat' dir='ltr'>locum</span> <span class='ocrx_word' id='word_1_202' title='bbox 953 2517 1083 2576; x_wconf 88' lang='lat' dir='ltr'>dandum</span> <span class='ocrx_word' id='word_1_203' title='bbox 1106 2535 1174 2577; x_wconf 90' lang='lat' dir='ltr'>esse</span> <span class='ocrx_word' id='word_1_204' title='bbox 1195 2536 1262 2577; x_wconf 87' lang='lat' dir='ltr'>cnm</span> <span class='ocrx_word' id='word_1_205' title='bbox 1284 2516 1314 2575; x_wconf 93' lang='lat' dir='ltr'>in</span> <span class='ocrx_word' id='word_1_206' title='bbox 1336 2518 1512 2577; x_wconf 88' lang='lat' dir='ltr'>universnm</span> 
     </span>
     <span class='ocr_line' id='line_1_21' title="bbox 49 2608 1512 2696; baseline 0.002 -21"><span class='ocrx_word' id='word_1_207' title='bbox 49 2608 163 2690; x_wconf 56' lang='lat'><em>1121&#39;0011„</em></span> <span class='ocrx_word' id='word_1_208' title='bbox 183 2627 304 2677; x_wconf 87' lang='lat' dir='ltr'>cavetur</span> <span class='ocrx_word' id='word_1_209' title='bbox 325 2639 350 2678; x_wconf 91' lang='lat' dir='ltr'>c.</span> <span class='ocrx_word' id='word_1_210' title='bbox 367 2618 485 2678; x_wconf 84' lang='lat' dir='ltr'>CXXV</span> <span class='ocrx_word' id='word_1_211' title='bbox 509 2620 553 2695; x_wconf 93' lang='lat' dir='ltr'>(id</span> <span class='ocrx_word' id='word_1_212' title='bbox 575 2619 656 2694; x_wconf 91' lang='lat' dir='ltr'>quod</span> <span class='ocrx_word' id='word_1_213' title='bbox 677 2620 747 2678; x_wconf 89' lang='lat' dir='ltr'>item</span> <span class='ocrx_word' id='word_1_214' title='bbox 771 2619 954 2695; x_wconf 81' lang='lat' dir='ltr'>significatur</span> <span class='ocrx_word' id='word_1_215' title='bbox 969 2621 999 2677; x_wconf 92' lang='lat' dir='ltr'>in</span> <span class='ocrx_word' id='word_1_216' title='bbox 1014 2620 1079 2696; x_wconf 84' lang='lat' dir='ltr'>lege</span> <span class='ocrx_word' id='word_1_217' title='bbox 1095 2620 1173 2678; x_wconf 88' lang='lat' dir='ltr'>Iulia</span> <span class='ocrx_word' id='word_1_218' title='bbox 1186 2619 1426 2695; x_wconf 80' lang='lat' dir='ltr'>municipali³))‚</span> <span class='ocrx_word' id='word_1_219' title='bbox 1449 2630 1512 2679; x_wconf 89' lang='lat' dir='ltr'>tum</span> 
     </span>
     <span class='ocr_line' id='line_1_22' title="bbox 180 2720 1513 2783; baseline 0.002 -5"><span class='ocrx_word' id='word_1_220' title='bbox 180 2721 211 2778; x_wconf 94' lang='lat' dir='ltr'>in</span> <span class='ocrx_word' id='word_1_221' title='bbox 240 2722 386 2780; x_wconf 85' lang='lat' dir='ltr'>scaenicis</span> <span class='ocrx_word' id='word_1_222' title='bbox 413 2721 492 2779; x_wconf 89' lang='lat' dir='ltr'>ludis</span> <span class='ocrx_word' id='word_1_223' title='bbox 520 2741 545 2779; x_wconf 94' lang='lat' dir='ltr'>c.</span> <span class='ocrx_word' id='word_1_224' title='bbox 568 2720 719 2781; x_wconf 89' lang='lat' dir='ltr'>CXXVII</span> <span class='ocrx_word' id='word_1_225' title='bbox 747 2720 901 2780; x_wconf 89' lang='lat' dir='ltr'>orchestra</span> <span class='ocrx_word' id='word_1_226' title='bbox 928 2723 967 2780; x_wconf 90' lang='lat' dir='ltr'>iis</span> <span class='ocrx_word' id='word_1_227' title='bbox 996 2732 1176 2781; x_wconf 89' lang='lat' dir='ltr'>reservatur.</span> <span class='ocrx_word' id='word_1_228' title='bbox 1224 2720 1370 2783; x_wconf 90' lang='lat' dir='ltr'>Similiter</span> <span class='ocrx_word' id='word_1_229' title='bbox 1395 2721 1513 2782; x_wconf 85' lang='lat' dir='ltr'>Romae</span> 
     </span>
     <span class='ocr_line' id='line_1_23' title="bbox 181 2821 1513 2899; baseline 0.002 -18"><span class='ocrx_word' id='word_1_230' title='bbox 181 2840 298 2899; x_wconf 91' lang='lat' dir='ltr'>quoque</span> <span class='ocrx_word' id='word_1_231' title='bbox 325 2823 461 2882; x_wconf 90' lang='lat' dir='ltr'>obtinuit.</span> <span class='ocrx_word' id='word_1_232' title='bbox 506 2821 627 2883; x_wconf 88' lang='lat' dir='ltr'>Scilicet</span> <span class='ocrx_word' id='word_1_233' title='bbox 653 2824 683 2881; x_wconf 92' lang='lat' dir='ltr'>in</span> <span class='ocrx_word' id='word_1_234' title='bbox 709 2822 789 2882; x_wconf 90' lang='lat' dir='ltr'>ludis</span> <span class='ocrx_word' id='word_1_235' title='bbox 816 2823 999 2882; x_wconf 86' lang='lat' dir='ltr'>circensibus</span> <span class='ocrx_word' id='word_1_236' title='bbox 1025 2825 1082 2882; x_wconf 91' lang='lat' dir='ltr'>etsi</span> <span class='ocrx_word' id='word_1_237' title='bbox 1109 2833 1191 2883; x_wconf 86' lang='lat' dir='ltr'>certa</span> <span class='ocrx_word' id='word_1_238' title='bbox 1216 2830 1247 2882; x_wconf 87' lang='lat' dir='ltr'>et</span> <span class='ocrx_word' id='word_1_239' title='bbox 1271 2834 1420 2899; x_wconf 90' lang='lat' dir='ltr'>perpetua</span> <span class='ocrx_word' id='word_1_240' title='bbox 1445 2825 1513 2883; x_wconf 84' lang='lat' dir='ltr'>loca</span> 
     </span>
     <span class='ocr_line' id='line_1_24' title="bbox 181 2924 1511 3004; baseline 0.002 -21"><span class='ocrx_word' id='word_1_241' title='bbox 181 2935 337 2984; x_wconf 89' lang='lat' dir='ltr'>senatores</span> <span class='ocrx_word' id='word_1_242' title='bbox 359 2945 378 2983; x_wconf 90' lang='lat' dir='ltr'>a</span> <span class='ocrx_word' id='word_1_243' title='bbox 400 2924 527 2984; x_wconf 88' lang='lat' dir='ltr'>Claudio</span> <span class='ocrx_word' id='word_1_244' title='bbox 548 2926 665 2985; x_wconf 89' lang='lat' dir='ltr'>demum</span> <span class='ocrx_word' id='word_1_245' title='bbox 687 2934 878 3004; x_wconf 89' lang='lat' dir='ltr'>acceperunt,</span> <span class='ocrx_word' id='word_1_246' title='bbox 904 2943 1040 2985; x_wconf 89' lang='lat' dir='ltr'>seorsum</span> <span class='ocrx_word' id='word_1_247' title='bbox 1062 2926 1172 2985; x_wconf 90' lang='lat' dir='ltr'>dudum</span> <span class='ocrx_word' id='word_1_248' title='bbox 1194 2934 1263 2984; x_wconf 90' lang='lat' dir='ltr'>ante</span> <span class='ocrx_word' id='word_1_249' title='bbox 1285 2926 1511 3002; x_wconf 70' lang='lat' dir='ltr'>spectabant4).</span> 
     </span>
     <span class='ocr_line' id='line_1_25' title="bbox 180 3026 1512 3105; baseline 0.001 -19"><span class='ocrx_word' id='word_1_250' title='bbox 180 3027 274 3086; x_wconf 88' lang='lat' dir='ltr'>l’lane</span> <span class='ocrx_word' id='word_1_251' title='bbox 304 3028 347 3086; x_wconf 89' lang='lat' dir='ltr'>sic</span> <span class='ocrx_word' id='word_1_252' title='bbox 375 3028 404 3085; x_wconf 92' lang='lat' dir='ltr'>in</span> <span class='ocrx_word' id='word_1_253' title='bbox 433 3028 553 3086; x_wconf 88' lang='lat' dir='ltr'>colonia</span> <span class='ocrx_word' id='word_1_254' title='bbox 579 3026 727 3088; x_wconf 86' lang='lat' dir='ltr'>Genetiva</span> <span class='ocrx_word' id='word_1_255' title='bbox 755 3047 813 3087; x_wconf 93' lang='lat' dir='ltr'>non</span> <span class='ocrx_word' id='word_1_256' title='bbox 840 3035 922 3086; x_wconf 86' lang='lat' dir='ltr'>certa</span> <span class='ocrx_word' id='word_1_257' title='bbox 949 3028 1096 3105; x_wconf 88' lang='lat' dir='ltr'>quaedam</span> <span class='ocrx_word' id='word_1_258' title='bbox 1123 3028 1191 3087; x_wconf 91' lang='lat' dir='ltr'>loca</span> <span class='ocrx_word' id='word_1_259' title='bbox 1216 3029 1287 3087; x_wconf 88' lang='lat' dir='ltr'>circi</span> <span class='ocrx_word' id='word_1_260' title='bbox 1315 3028 1512 3087; x_wconf 87' lang='lat' dir='ltr'>decurionum</span> 
     </span>
     <span class='ocr_line' id='line_1_26' title="bbox 180 3130 1511 3207; baseline 0.002 -21"><span class='ocrx_word' id='word_1_261' title='bbox 180 3130 303 3207; x_wconf 89' lang='lat' dir='ltr'>propria</span> <span class='ocrx_word' id='word_1_262' title='bbox 331 3131 463 3201; x_wconf 86' lang='lat' dir='ltr'>luerunt,</span> <span class='ocrx_word' id='word_1_263' title='bbox 492 3131 546 3189; x_wconf 92' lang='lat' dir='ltr'>sed</span> <span class='ocrx_word' id='word_1_264' title='bbox 575 3149 641 3189; x_wconf 93' lang='lat' dir='ltr'>cum</span> <span class='ocrx_word' id='word_1_265' title='bbox 668 3131 731 3189; x_wconf 94' lang='lat' dir='ltr'>ludi</span> <span class='ocrx_word' id='word_1_266' title='bbox 760 3131 865 3188; x_wconf 86' lang='lat' dir='ltr'>tierent</span> <span class='ocrx_word' id='word_1_267' title='bbox 891 3147 947 3207; x_wconf 90' lang='lat' dir='ltr'>pro</span> <span class='ocrx_word' id='word_1_268' title='bbox 974 3149 1007 3188; x_wconf 86' lang='lat' dir='ltr'>ra</span> <span class='ocrx_word' id='word_1_269' title='bbox 1035 3130 1119 3189; x_wconf 91' lang='lat' dir='ltr'>locus</span> <span class='ocrx_word' id='word_1_270' title='bbox 1146 3130 1271 3207; x_wconf 89' lang='lat' dir='ltr'>qnidam·</span> <span class='ocrx_word' id='word_1_271' title='bbox 1297 3130 1511 3191; x_wconf 85' lang='lat' dir='ltr'>decurionibus</span> 
     </span>
    </p>
   </div>
   <div class='ocr_carea' id='block_1_3' title="bbox 181 3232 1510 3310">
    <p class='ocr_par' dir='ltr' id='par_1_4' title="bbox 181 3232 1510 3310">
     <span class='ocr_line' id='line_1_27' title="bbox 181 3232 1510 3310; baseline 0.001 -20"><span class='ocrx_word' id='word_1_272' title='bbox 181 3233 269 3292; x_wconf 90' lang='lat' dir='ltr'>datus</span> <span class='ocrx_word' id='word_1_273' title='bbox 296 3234 472 3310; x_wconf 84' lang='lat' dir='ltr'>adsignatus</span> <span class='ocrx_word' id='word_1_274' title='bbox 499 3233 658 3293; x_wconf 72' lang='lat' dir='ltr'>relictusne</span> <span class='ocrx_word' id='word_1_275' title='bbox 685 3242 738 3291; x_wconf 79' lang='lat' dir='ltr'>est.</span> <span class='ocrx_word' id='word_1_276' title='bbox 781 3233 824 3291; x_wconf 85' lang='lat' dir='ltr'>At</span> <span class='ocrx_word' id='word_1_277' title='bbox 849 3233 880 3291; x_wconf 90' lang='lat' dir='ltr'>in</span> <span class='ocrx_word' id='word_1_278' title='bbox 906 3232 987 3290; x_wconf 90' lang='lat' dir='ltr'>ludis</span> <span class='ocrx_word' id='word_1_279' title='bbox 1014 3232 1159 3291; x_wconf 90' lang='lat' dir='ltr'>scaenicis</span> <span class='ocrx_word' id='word_1_280' title='bbox 1184 3232 1388 3293; x_wconf 86' lang='lat' dir='ltr'>notissimum.</span> <span class='ocrx_word' id='word_1_281' title='bbox 1405 3243 1454 3294; x_wconf 87' lang='lat' dir='ltr'>est</span> <span class='ocrx_word' id='word_1_282' title='bbox 1480 3234 1510 3292; x_wconf 93' lang='lat' dir='ltr'>in</span> 
     </span>
    </p>
   </div>
   <div class='ocr_carea' id='block_1_4' title="bbox 180 3527 1557 5259">
    <p class='ocr_par' dir='ltr' id='par_1_5' title="bbox 180 3527 1511 3783">
     <span class='ocr_line' id='line_1_28' title="bbox 258 3527 1511 3597; baseline 0 -15"><span class='ocrx_word' id='word_1_283' title='bbox 258 3531 281 3592; x_wconf 90' lang='lat'>¹)</span> <span class='ocrx_word' id='word_1_284' title='bbox 307 3532 493 3597; x_wconf 78' lang='lat' dir='ltr'>intelleguntur</span> <span class='ocrx_word' id='word_1_285' title='bbox 517 3532 573 3581; x_wconf 89' lang='lat' dir='ltr'>sine</span> <span class='ocrx_word' id='word_1_286' title='bbox 597 3531 677 3581; x_wconf 86' lang='lat' dir='ltr'>dubio</span> <span class='ocrx_word' id='word_1_287' title='bbox 701 3531 856 3580; x_wconf 87' lang='lat' dir='ltr'>lectisternia</span> <span class='ocrx_word' id='word_1_288' title='bbox 874 3530 994 3580; x_wconf 81' lang='lat' dir='ltr'>sanorum</span> <span class='ocrx_word' id='word_1_289' title='bbox 1013 3544 1117 3591; x_wconf 86' lang='lat' dir='ltr'>eorum,</span> <span class='ocrx_word' id='word_1_290' title='bbox 1143 3527 1290 3597; x_wconf 76' lang='lat' dir='ltr'>inquibus,</span> <span class='ocrx_word' id='word_1_291' title='bbox 1317 3536 1347 3581; x_wconf 91' lang='lat' dir='ltr'>ut</span> <span class='ocrx_word' id='word_1_292' title='bbox 1364 3532 1403 3581; x_wconf 83' lang='lat' dir='ltr'>ait</span> <span class='ocrx_word' id='word_1_293' title='bbox 1421 3532 1511 3583; x_wconf 71' lang='lat' dir='ltr'>Livius</span> 
     </span>
     <span class='ocr_line' id='line_1_29' title="bbox 181 3621 1511 3690; baseline -0.001 -16"><span class='ocrx_word' id='word_1_294' title='bbox 181 3623 318 3686; x_wconf 77' lang='grc'>36,1,2.</span> <span class='ocrx_word' id='word_1_295' title='bbox 337 3625 479 3686; x_wconf 79' lang='lat' dir='ltr'>42‚ao‚s</span> <span class='ocrx_word' id='word_1_296' title='bbox 501 3623 544 3685; x_wconf 84' lang='lat' dir='ltr'>(ci.</span> <span class='ocrx_word' id='word_1_297' title='bbox 564 3625 613 3684; x_wconf 83' lang='lat'>40,</span> <span class='ocrx_word' id='word_1_298' title='bbox 628 3622 677 3684; x_wconf 86' lang='grc'>59,</span> <span class='ocrx_word' id='word_1_299' title='bbox 693 3624 733 3683; x_wconf 84' lang='grc'>7),</span> <span class='ocrx_word' id='word_1_300' title='bbox 759 3621 935 3673; x_wconf 80' lang='lat' dir='ltr'>lectisternium</span> <span class='ocrx_word' id='word_1_301' title='bbox 953 3623 1072 3672; x_wconf 79' lang='lat' dir='ltr'>maiorem</span> <span class='ocrx_word' id='word_1_302' title='bbox 1085 3629 1185 3689; x_wconf 78' lang='lat' dir='ltr'>partem</span> <span class='ocrx_word' id='word_1_303' title='bbox 1204 3623 1266 3672; x_wconf 82' lang='lat' dir='ltr'>anui</span> <span class='ocrx_word' id='word_1_304' title='bbox 1277 3622 1341 3690; x_wconf 79' lang='lat' dir='ltr'>fieri</span> <span class='ocrx_word' id='word_1_305' title='bbox 1357 3622 1432 3674; x_wconf 80' lang='lat' dir='ltr'>solet.</span> <span class='ocrx_word' id='word_1_306' title='bbox 1469 3624 1511 3675; x_wconf 83' lang='lat' dir='ltr'>cf.</span> 
     </span>
     <span class='ocr_line' id='line_1_30' title="bbox 180 3710 1422 3783; baseline -0.002 -16"><span class='ocrx_word' id='word_1_307' title='bbox 180 3717 237 3767; x_wconf 80' lang='lat' dir='ltr'>Lir.</span> <span class='ocrx_word' id='word_1_308' title='bbox 252 3717 276 3778; x_wconf 83' lang='lat'>5,</span> <span class='ocrx_word' id='word_1_309' title='bbox 291 3716 336 3777; x_wconf 76' lang='lat'>52,</span> <span class='ocrx_word' id='word_1_310' title='bbox 350 3718 380 3767; x_wconf 81' lang='lat'>6:</span> <span class='ocrx_word' id='word_1_311' title='bbox 400 3716 426 3765; x_wconf 77' lang='lat' dir='ltr'>ia</span> <span class='ocrx_word' id='word_1_312' title='bbox 445 3714 517 3767; x_wconf 82' lang='lat' dir='ltr'>latia</span> <span class='ocrx_word' id='word_1_313' title='bbox 535 3715 608 3783; x_wconf 81' lang='lat' dir='ltr'>epulo</span> <span class='ocrx_word' id='word_1_314' title='bbox 627 3732 683 3765; x_wconf 83' lang='lat' dir='ltr'>nant</span> <span class='ocrx_word' id='word_1_315' title='bbox 702 3712 766 3764; x_wconf 84' lang='lat' dir='ltr'>alibi</span> <span class='ocrx_word' id='word_1_316' title='bbox 783 3730 857 3780; x_wconf 81' lang='lat' dir='ltr'>qaam</span> <span class='ocrx_word' id='word_1_317' title='bbox 875 3715 901 3763; x_wconf 84' lang='lat' dir='ltr'>ia</span> <span class='ocrx_word' id='word_1_318' title='bbox 923 3710 1050 3781; x_wconf 78' lang='lat' dir='ltr'>Capitolio</span> <span class='ocrx_word' id='word_1_319' title='bbox 1064 3714 1191 3782; x_wconf 78' lang='lat' dir='ltr'>puluinar</span> <span class='ocrx_word' id='word_1_320' title='bbox 1207 3715 1305 3783; x_wconf 68' lang='lat' dir='ltr'>suscepi</span> <span class='ocrx_word' id='word_1_321' title='bbox 1316 3717 1422 3782; x_wconf 80' lang='lat' dir='ltr'>potest!</span> 
     </span>
    </p>

    <p class='ocr_par' dir='ltr' id='par_1_6' title="bbox 256 3806 1005 3874">
     <span class='ocr_line' id='line_1_31' title="bbox 256 3806 1005 3874; baseline -0.001 -16"><span class='ocrx_word' id='word_1_322' title='bbox 256 3806 280 3869; x_wconf 73' lang='lat'>²)</span> <span class='ocrx_word' id='word_1_323' title='bbox 307 3809 450 3874; x_wconf 81' lang='lat' dir='ltr'>Propterea</span> <span class='ocrx_word' id='word_1_324' title='bbox 469 3810 547 3858; x_wconf 90' lang='lat' dir='ltr'>etiarn</span> <span class='ocrx_word' id='word_1_325' title='bbox 567 3808 621 3858; x_wconf 91' lang='lat' dir='ltr'>ludi</span> <span class='ocrx_word' id='word_1_326' title='bbox 640 3808 676 3857; x_wconf 91' lang='lat' dir='ltr'>ibi</span> <span class='ocrx_word' id='word_1_327' title='bbox 695 3808 852 3872; x_wconf 87' lang='lat' dir='ltr'>praecedunt</span> <span class='ocrx_word' id='word_1_328' title='bbox 870 3807 1005 3857; x_wconf 80' lang='lat' dir='ltr'>sacrificia.</span> 
     </span>
    </p>

    <p class='ocr_par' dir='ltr' id='par_1_7' title="bbox 180 3896 1510 4060">
     <span class='ocr_line' id='line_1_32' title="bbox 257 3896 1510 3967; baseline -0.001 -16"><span class='ocrx_word' id='word_1_329' title='bbox 257 3897 281 3963; x_wconf 81' lang='lat'>⁸)</span> <span class='ocrx_word' id='word_1_330' title='bbox 311 3902 344 3951; x_wconf 85' lang='lat' dir='ltr'>V.</span> <span class='ocrx_word' id='word_1_331' title='bbox 359 3900 424 3951; x_wconf 81' lang='lat'>138:</span> <span class='ocrx_word' id='word_1_332' title='bbox 450 3916 508 3950; x_wconf 82' lang='lat' dir='ltr'>nere</span> <span class='ocrx_word' id='word_1_333' title='bbox 532 3902 588 3967; x_wconf 80' lang='lat' dir='ltr'>qnia</span> <span class='ocrx_word' id='word_1_334' title='bbox 611 3916 693 3949; x_wconf 86' lang='lat' dir='ltr'>eorum</span> <span class='ocrx_word' id='word_1_335' title='bbox 713 3898 793 3949; x_wconf 80' lang='lat' dir='ltr'>ledeia</span> <span class='ocrx_word' id='word_1_336' title='bbox 811 3914 893 3950; x_wconf 75' lang='lat' dir='ltr'>tumre</span> <span class='ocrx_word' id='word_1_337' title='bbox 911 3896 1070 3964; x_wconf 75' lang='lat' dir='ltr'>pladiatom</span> <span class='ocrx_word' id='word_1_338' title='bbox 1087 3897 1139 3949; x_wconf 82' lang='lat' dir='ltr'>idei</span> <span class='ocrx_word' id='word_1_339' title='bbox 1150 3897 1301 3967; x_wconf 72' lang='lat' dir='ltr'>paqaabnat</span> <span class='ocrx_word' id='word_1_340' title='bbox 1318 3900 1346 3949; x_wconf 78' lang='lat' dir='ltr'>ia</span> <span class='ocrx_word' id='word_1_341' title='bbox 1363 3898 1421 3952; x_wconf 77' lang='lat' dir='ltr'>loeo</span> <span class='ocrx_word' id='word_1_342' title='bbox 1439 3915 1510 3951; x_wconf 73' lang='lat' dir='ltr'>tetta¹</span> 
     </span>
     <span class='ocr_line' id='line_1_33' title="bbox 180 3990 1153 4060; baseline -0.001 -18"><span class='ocrx_word' id='word_1_343' title='bbox 180 3993 246 4043; x_wconf 88' lang='lat' dir='ltr'>torio</span> <span class='ocrx_word' id='word_1_344' title='bbox 266 3991 424 4042; x_wconf 68' lang='lat' dir='ltr'>decurionum</span> <span class='ocrx_word' id='word_1_345' title='bbox 442 3994 639 4060; x_wconf 64' lang='lat' dir='ltr'>contemptorum</span> <span class='ocrx_word' id='word_1_346' title='bbox 656 3990 738 4043; x_wconf 84' lang='lat' dir='ltr'>sedete</span> <span class='ocrx_word' id='word_1_347' title='bbox 755 4006 815 4041; x_wconf 80' lang='lat' dir='ltr'>aeae</span> <span class='ocrx_word' id='word_1_348' title='bbox 833 3997 953 4058; x_wconf 79' lang='lat' dir='ltr'>spectato.</span> <span class='ocrx_word' id='word_1_349' title='bbox 991 3991 1032 4043; x_wconf 74' lang='lat' dir='ltr'>Cf.</span> <span class='ocrx_word' id='word_1_350' title='bbox 1051 4008 1076 4041; x_wconf 81' lang='lat' dir='ltr'>v.</span> <span class='ocrx_word' id='word_1_351' title='bbox 1091 3990 1153 4042; x_wconf 85' lang='grc'><strong>133.</strong></span> 
     </span>
    </p>

    <p class='ocr_par' dir='ltr' id='par_1_8' title="bbox 180 4070 1557 5259">
     <span class='ocr_line' id='line_1_34' title="bbox 257 4070 1512 4153; baseline 0 -19"><span class='ocrx_word' id='word_1_352' title='bbox 257 4083 282 4145; x_wconf 83' lang='lat'>⁴)</span> <span class='ocrx_word' id='word_1_353' title='bbox 309 4085 362 4134; x_wconf 91' lang='lat' dir='ltr'>Dio</span> <span class='ocrx_word' id='word_1_354' title='bbox 376 4085 420 4145; x_wconf 84' lang='lat'>60,</span> <span class='ocrx_word' id='word_1_355' title='bbox 436 4087 464 4134; x_wconf 81' lang='lat' dir='ltr'>t:</span> <span class='ocrx_word' id='word_1_356' title='bbox 484 4077 526 4132; x_wconf 76' lang='grc' dir='ltr'>καὶ</span> <span class='ocrx_word' id='word_1_357' title='bbox 546 4073 623 4149; x_wconf 77' lang='lat' dir='ltr'>idpuv</span> <span class='ocrx_word' id='word_1_358' title='bbox 642 4080 685 4151; x_wconf 77' lang='lat' dir='ltr'>pio</span> <span class='ocrx_word' id='word_1_359' title='bbox 703 4100 749 4132; x_wconf 73' lang='lat' dir='ltr'>aon</span> <span class='ocrx_word' id='word_1_360' title='bbox 768 4081 809 4133; x_wconf 79' lang='lat' dir='ltr'>aul</span> <span class='ocrx_word' id='word_1_361' title='bbox 826 4070 945 4150; x_wconf 72' lang='grc' dir='ltr'>πρὸτιρον</span> <span class='ocrx_word' id='word_1_362' title='bbox 965 4079 989 4132; x_wconf 70' lang='grc' dir='ltr'>ἓν</span> <span class='ocrx_word' id='word_1_363' title='bbox 1008 4076 1072 4147; x_wconf 70' lang='lat' dir='ltr'>atiaq&#39;i</span> <span class='ocrx_word' id='word_1_364' title='bbox 1090 4081 1133 4147; x_wconf 75' lang='grc' dir='ltr'>(τᾷ</span> <span class='ocrx_word' id='word_1_365' title='bbox 1146 4071 1302 4153; x_wconf 65' lang='grc' dir='ltr'>ἱκποὸρὸμῳ)</span> <span class='ocrx_word' id='word_1_366' title='bbox 1321 4077 1377 4148; x_wconf 67' lang='grc' dir='ltr'>ἰδίᾳ</span> <span class='ocrx_word' id='word_1_367' title='bbox 1394 4080 1437 4134; x_wconf 74' lang='lat' dir='ltr'>aul</span> <span class='ocrx_word' id='word_1_368' title='bbox 1450 4076 1512 4134; x_wconf 73' lang='lat' dir='ltr'>sard</span> 
     </span>
     <span class='ocr_line' id='line_1_35' title="bbox 181 4162 1511 4244; baseline 0 -18"><span class='ocrx_word' id='word_1_369' title='bbox 181 4173 246 4242; x_wconf 71' lang='lat' dir='ltr'>addc</span> <span class='ocrx_word' id='word_1_370' title='bbox 270 4167 300 4232; x_wconf 73' lang='grc' dir='ltr'>ὥς</span> <span class='ocrx_word' id='word_1_371' title='bbox 319 4169 418 4224; x_wconf 71' lang='grc' dir='ltr'><strong><em>ἕκαστοι</em></strong></span> <span class='ocrx_word' id='word_1_372' title='bbox 438 4164 469 4224; x_wconf 79' lang='lat' dir='ltr'>&#39;ro&#39;</span> <span class='ocrx_word' id='word_1_373' title='bbox 486 4193 512 4225; x_wconf 84' lang='grc' dir='ltr'>τι</span> <span class='ocrx_word' id='word_1_374' title='bbox 533 4173 654 4239; x_wconf 75' lang='grc' dir='ltr'><strong>βουλεῦον</strong></span> <span class='ocrx_word' id='word_1_375' title='bbox 672 4174 712 4225; x_wconf 67' lang='grc' dir='ltr'>καὶ</span> <span class='ocrx_word' id='word_1_376' title='bbox 731 4165 760 4226; x_wconf 79' lang='lat' dir='ltr'>&#39;td</span> <span class='ocrx_word' id='word_1_377' title='bbox 781 4173 881 4227; x_wconf 70' lang='lat' dir='ltr'>iunctior</span> <span class='ocrx_word' id='word_1_378' title='bbox 900 4173 941 4224; x_wconf 78' lang='lat' dir='ltr'>aui</span> <span class='ocrx_word' id='word_1_379' title='bbox 960 4166 974 4225; x_wconf 75' lang='grc' dir='ltr'>ὅ</span> <span class='ocrx_word' id='word_1_380' title='bbox 994 4162 1098 4240; x_wconf 65' lang='grc' dir='ltr'>ὅμιλος,</span> <span class='ocrx_word' id='word_1_381' title='bbox 1123 4167 1171 4241; x_wconf 65' lang='grc' dir='ltr'>ἐφ’</span> <span class='ocrx_word' id='word_1_382' title='bbox 1191 4164 1264 4244; x_wconf 73' lang='lat' dir='ltr'>odatp</span> <span class='ocrx_word' id='word_1_383' title='bbox 1283 4172 1351 4226; x_wconf 74' lang='grc' dir='ltr'>τοῦτ’</span> <span class='ocrx_word' id='word_1_384' title='bbox 1375 4170 1511 4243; x_wconf 69' lang='grc' dir='ltr'>1νομῖσθη,</span> 
     </span>
     <span class='ocr_line' id='line_1_36' title="bbox 182 4256 1512 4339; baseline 0.001 -21"><span class='ocrx_word' id='word_1_385' title='bbox 182 4261 209 4318; x_wconf 82' lang='lat' dir='ltr'>ati</span> <span class='ocrx_word' id='word_1_386' title='bbox 228 4265 310 4337; x_wconf 75' lang='lat' dir='ltr'>pirrus</span> <span class='ocrx_word' id='word_1_387' title='bbox 330 4266 371 4317; x_wconf 76' lang='lat' dir='ltr'>aul</span> <span class='ocrx_word' id='word_1_388' title='bbox 388 4264 522 4335; x_wconf 75' lang='lat' dir='ltr'>rarayoiva</span> <span class='ocrx_word' id='word_1_389' title='bbox 542 4264 619 4336; x_wconf 66' lang='grc' dir='ltr'><strong><em>σφίσι</em></strong></span> <span class='ocrx_word' id='word_1_390' title='bbox 638 4262 725 4339; x_wconf 73' lang='grc' dir='ltr'>χωρία</span> <span class='ocrx_word' id='word_1_391' title='bbox 744 4259 916 4318; x_wconf 75' lang='lat' dir='ltr'>dmdidrtara·</span> <span class='ocrx_word' id='word_1_392' title='bbox 937 4256 1008 4317; x_wconf 67' lang='lat' dir='ltr'>abital</span> <span class='ocrx_word' id='word_1_393' title='bbox 1026 4256 1082 4318; x_wconf 75' lang='lat' dir='ltr'>ra&#39;st</span> <span class='ocrx_word' id='word_1_394' title='bbox 1103 4257 1317 4331; x_wconf 60' lang='lat' dir='ltr'>meditareris</span> <span class='ocrx_word' id='word_1_395' title='bbox 1335 4284 1362 4316; x_wconf 78' lang='lat' dir='ltr'>rt</span> <span class='ocrx_word' id='word_1_396' title='bbox 1383 4256 1512 4337; x_wconf 70' lang='lat' dir='ltr'>Idpavnir</span> 
     </span>
     <span class='ocr_line' id='line_1_37' title="bbox 180 4350 1512 4428; baseline 0.002 -17"><span class='ocrx_word' id='word_1_397' title='bbox 180 4358 220 4411; x_wconf 78' lang='lat' dir='ltr'>vio</span> <span class='ocrx_word' id='word_1_398' title='bbox 241 4350 315 4410; x_wconf 75' lang='grc' dir='ltr'>οὖσαν</span> <span class='ocrx_word' id='word_1_399' title='bbox 333 4364 387 4418; x_wconf 76' lang='grc' dir='ltr'>τοῖς</span> <span class='ocrx_word' id='word_1_400' title='bbox 405 4359 554 4418; x_wconf 77' lang='grc' dir='ltr'><strong>βουλιυτατς</strong></span> <span class='ocrx_word' id='word_1_401' title='bbox 572 4354 693 4428; x_wconf 61' lang='lat' dir='ltr'>ciriacus.</span> <span class='ocrx_word' id='word_1_402' title='bbox 722 4361 798 4412; x_wconf 91' lang='lat' dir='ltr'>Iliam</span> <span class='ocrx_word' id='word_1_403' title='bbox 818 4362 1006 4426; x_wconf 85' lang='lat' dir='ltr'>separationem</span> <span class='ocrx_word' id='word_1_404' title='bbox 1024 4376 1081 4411; x_wconf 89' lang='lat' dir='ltr'>cum</span> <span class='ocrx_word' id='word_1_405' title='bbox 1094 4361 1183 4412; x_wconf 80' lang='lat' dir='ltr'>Lirim</span> <span class='ocrx_word' id='word_1_406' title='bbox 1198 4363 1222 4424; x_wconf 90' lang='lat'>1,</span> <span class='ocrx_word' id='word_1_407' title='bbox 1236 4359 1271 4412; x_wconf 82' lang='grc'>35</span> <span class='ocrx_word' id='word_1_408' title='bbox 1290 4361 1325 4411; x_wconf 83' lang='lat' dir='ltr'>ad</span> <span class='ocrx_word' id='word_1_409' title='bbox 1343 4360 1432 4426; x_wconf 81' lang='lat' dir='ltr'>ipsum</span> <span class='ocrx_word' id='word_1_410' title='bbox 1451 4363 1512 4414; x_wconf 83' lang='lat' dir='ltr'>circi</span> 
     </span>
     <span class='ocr_line' id='line_1_38' title="bbox 182 4440 1511 4519; baseline 0 -14"><span class='ocrx_word' id='word_1_411' title='bbox 182 4455 342 4505; x_wconf 88' lang='lat' dir='ltr'>conditorem</span> <span class='ocrx_word' id='word_1_412' title='bbox 362 4453 484 4514; x_wconf 68' lang='lat' dir='ltr'>rutralraq</span> <span class='ocrx_word' id='word_1_413' title='bbox 505 4454 558 4504; x_wconf 90' lang='lat' dir='ltr'>Dio</span> <span class='ocrx_word' id='word_1_414' title='bbox 574 4454 616 4515; x_wconf 85' lang='grc'>55,</span> <span class='ocrx_word' id='word_1_415' title='bbox 632 4455 666 4503; x_wconf 75' lang='lat'>22</span> <span class='ocrx_word' id='word_1_416' title='bbox 687 4454 720 4503; x_wconf 90' lang='lat' dir='ltr'>ad</span> <span class='ocrx_word' id='word_1_417' title='bbox 733 4455 878 4519; x_wconf 71' lang='lat' dir='ltr'>Arrgustum</span> <span class='ocrx_word' id='word_1_418' title='bbox 898 4468 1019 4504; x_wconf 79' lang='lat' dir='ltr'>revocare</span> <span class='ocrx_word' id='word_1_419' title='bbox 1032 4453 1144 4514; x_wconf 61' lang='lat' dir='ltr'>videtum</span> <span class='ocrx_word' id='word_1_420' title='bbox 1164 4440 1273 4519; x_wconf 86' lang='lat' dir='ltr'>qnorum</span> <span class='ocrx_word' id='word_1_421' title='bbox 1291 4452 1356 4503; x_wconf 85' lang='lat' dir='ltr'>illud</span> <span class='ocrx_word' id='word_1_422' title='bbox 1374 4454 1409 4504; x_wconf 84' lang='lat' dir='ltr'>ad</span> <span class='ocrx_word' id='word_1_423' title='bbox 1422 4444 1511 4505; x_wconf 81' lang='lat' dir='ltr'>rernm</span> 
     </span>
     <span class='ocr_line' id='line_1_39' title="bbox 181 4543 1557 4611; baseline 0 -16"><span class='ocrx_word' id='word_1_424' title='bbox 181 4548 287 4611; x_wconf 88' lang='lat' dir='ltr'>propius</span> <span class='ocrx_word' id='word_1_425' title='bbox 310 4547 432 4596; x_wconf 77' lang='lat' dir='ltr'>accedam</span> <span class='ocrx_word' id='word_1_426' title='bbox 456 4554 481 4595; x_wconf 84' lang='lat' dir='ltr'>et</span> <span class='ocrx_word' id='word_1_427' title='bbox 504 4546 597 4596; x_wconf 88' lang='lat' dir='ltr'>Iustini</span> <span class='ocrx_word' id='word_1_428' title='bbox 622 4546 654 4595; x_wconf 89' lang='lat' dir='ltr'>de</span> <span class='ocrx_word' id='word_1_429' title='bbox 678 4546 881 4597; x_wconf 82' lang='lat' dir='ltr'>Massiliensibus</span> <span class='ocrx_word' id='word_1_430' title='bbox 904 4547 1019 4596; x_wconf 88' lang='lat' dir='ltr'>narratio</span> <span class='ocrx_word' id='word_1_431' title='bbox 1045 4544 1084 4606; x_wconf 87' lang='lat' dir='ltr'>(v.</span> <span class='ocrx_word' id='word_1_432' title='bbox 1103 4545 1195 4610; x_wconf 82' lang='lat' dir='ltr'>p.131</span> <span class='ocrx_word' id='word_1_433' title='bbox 1220 4552 1274 4595; x_wconf 87' lang='lat' dir='ltr'>not.</span> <span class='ocrx_word' id='word_1_434' title='bbox 1292 4543 1326 4606; x_wconf 85' lang='grc'>6)</span> <span class='ocrx_word' id='word_1_435' title='bbox 1348 4546 1465 4597; x_wconf 86' lang='lat' dir='ltr'>ostendit</span> <span class='ocrx_word' id='word_1_436' title='bbox 1487 4558 1557 4595; x_wconf 84' lang='lat' dir='ltr'>ct:</span> 
     </span>
     <span class='ocr_line' id='line_1_40' title="bbox 180 4636 1557 4703; baseline 0.001 -16"><span class='ocrx_word' id='word_1_437' title='bbox 180 4638 245 4689; x_wconf 82' lang='lat' dir='ltr'>haec</span> <span class='ocrx_word' id='word_1_438' title='bbox 264 4640 306 4688; x_wconf 81' lang='lat' dir='ltr'>lex</span> <span class='ocrx_word' id='word_1_439' title='bbox 325 4640 390 4703; x_wconf 87' lang='lat' dir='ltr'>ipsa.</span> <span class='ocrx_word' id='word_1_440' title='bbox 423 4640 492 4689; x_wconf 89' lang='lat' dir='ltr'>Nam</span> <span class='ocrx_word' id='word_1_441' title='bbox 512 4653 582 4699; x_wconf 80' lang='lat' dir='ltr'>saue,</span> <span class='ocrx_word' id='word_1_442' title='bbox 603 4639 652 4689; x_wconf 84' lang='lat' dir='ltr'>nisi</span> <span class='ocrx_word' id='word_1_443' title='bbox 673 4638 792 4689; x_wconf 83' lang='lat' dir='ltr'>Caesaris</span> <span class='ocrx_word' id='word_1_444' title='bbox 811 4646 925 4703; x_wconf 79' lang='lat' dir='ltr'>tempora</span> <span class='ocrx_word' id='word_1_445' title='bbox 944 4637 1071 4687; x_wconf 86' lang='lat' dir='ltr'>eiusmodi</span> <span class='ocrx_word' id='word_1_446' title='bbox 1089 4637 1217 4702; x_wconf 79' lang='lat' dir='ltr'>separatio</span> <span class='ocrx_word' id='word_1_447' title='bbox 1231 4637 1259 4687; x_wconf 90' lang='lat' dir='ltr'>in</span> <span class='ocrx_word' id='word_1_448' title='bbox 1271 4636 1334 4687; x_wconf 82' lang='lat' dir='ltr'>urba</span> <span class='ocrx_word' id='word_1_449' title='bbox 1346 4637 1557 4701; x_wconf 69' lang='lat' dir='ltr'>obtinuisset-</span> 
     </span>
     <span class='ocr_line' id='line_1_41' title="bbox 181 4729 1557 4796; baseline 0.001 -17"><span class='ocrx_word' id='word_1_450' title='bbox 181 4732 208 4780; x_wconf 88' lang='lat' dir='ltr'>in</span> <span class='ocrx_word' id='word_1_451' title='bbox 227 4731 282 4795; x_wconf 74' lang='lat' dir='ltr'>lege</span> <span class='ocrx_word' id='word_1_452' title='bbox 302 4731 448 4796; x_wconf 86' lang='lat' dir='ltr'>municipali</span> <span class='ocrx_word' id='word_1_453' title='bbox 468 4745 515 4780; x_wconf 87' lang='lat' dir='ltr'>sua</span> <span class='ocrx_word' id='word_1_454' title='bbox 534 4731 631 4796; x_wconf 88' lang='lat' dir='ltr'>haeque</span> <span class='ocrx_word' id='word_1_455' title='bbox 651 4732 766 4781; x_wconf 85' lang='lat' dir='ltr'>coloniae</span> <span class='ocrx_word' id='word_1_456' title='bbox 785 4745 847 4781; x_wconf 86' lang='lat' dir='ltr'>suae</span> <span class='ocrx_word' id='word_1_457' title='bbox 865 4746 921 4780; x_wconf 87' lang='lat' dir='ltr'>eam</span> <span class='ocrx_word' id='word_1_458' title='bbox 941 4745 993 4780; x_wconf 92' lang='lat' dir='ltr'>non</span> <span class='ocrx_word' id='word_1_459' title='bbox 1012 4729 1147 4795; x_wconf 79' lang='lat' dir='ltr'>posuisset.</span> <span class='ocrx_word' id='word_1_460' title='bbox 1175 4729 1237 4780; x_wconf 83' lang='lat' dir='ltr'>Non</span> <span class='ocrx_word' id='word_1_461' title='bbox 1255 4730 1352 4795; x_wconf 83' lang='lat' dir='ltr'>optime</span> <span class='ocrx_word' id='word_1_462' title='bbox 1372 4730 1405 4783; x_wconf 89' lang='lat' dir='ltr'>de</span> <span class='ocrx_word' id='word_1_463' title='bbox 1421 4730 1472 4781; x_wconf 84' lang='lat' dir='ltr'>hac</span> <span class='ocrx_word' id='word_1_464' title='bbox 1484 4746 1557 4781; x_wconf 84' lang='lat' dir='ltr'>r=</span> 
     </span>
     <span class='ocr_line' id='line_1_42' title="bbox 181 4820 1557 4887; baseline 0.001 -16"><span class='ocrx_word' id='word_1_465' title='bbox 181 4823 234 4887; x_wconf 76' lang='lat' dir='ltr'>egit</span> <span class='ocrx_word' id='word_1_466' title='bbox 251 4822 380 4873; x_wconf 80' lang='lat' dir='ltr'>Beckerns</span> <span class='ocrx_word' id='word_1_467' title='bbox 400 4825 426 4873; x_wconf 91' lang='lat' dir='ltr'>iu</span> <span class='ocrx_word' id='word_1_468' title='bbox 446 4823 542 4873; x_wconf 87' lang='lat' dir='ltr'>enchir.</span> <span class='ocrx_word' id='word_1_469' title='bbox 559 4825 589 4883; x_wconf 81' lang='lat'>2,</span> <span class='ocrx_word' id='word_1_470' title='bbox 607 4826 630 4884; x_wconf 93' lang='lat' dir='ltr'>l,</span> <span class='ocrx_word' id='word_1_471' title='bbox 645 4826 712 4883; x_wconf 74' lang='lat'>2823</span> <span class='ocrx_word' id='word_1_472' title='bbox 732 4839 780 4874; x_wconf 86' lang='lat' dir='ltr'>nee</span> <span class='ocrx_word' id='word_1_473' title='bbox 799 4826 829 4874; x_wconf 73' lang='lat'>1.</span> <span class='ocrx_word' id='word_1_474' title='bbox 848 4821 1018 4874; x_wconf 79' lang='lat' dir='ltr'>Friedliadcr</span> <span class='ocrx_word' id='word_1_475' title='bbox 1036 4820 1132 4871; x_wconf 86' lang='lat' dir='ltr'>enchir.</span> <span class='ocrx_word' id='word_1_476' title='bbox 1146 4820 1178 4883; x_wconf 82' lang='lat'>4,</span> <span class='ocrx_word' id='word_1_477' title='bbox 1192 4822 1245 4872; x_wconf 82' lang='grc'>497</span> <span class='ocrx_word' id='word_1_478' title='bbox 1264 4822 1328 4871; x_wconf 81' lang='lat' dir='ltr'>satis</span> <span class='ocrx_word' id='word_1_479' title='bbox 1345 4820 1468 4873; x_wconf 78' lang='lat' dir='ltr'>distinxit</span> <span class='ocrx_word' id='word_1_480' title='bbox 1484 4822 1557 4873; x_wconf 70' lang='lat' dir='ltr'>ifl</span> 
     </span>
     <span class='ocr_line' id='line_1_43' title="bbox 180 4913 1557 4980; baseline 0 -15"><span class='ocrx_word' id='word_1_481' title='bbox 180 4916 213 4965; x_wconf 89' lang='lat' dir='ltr'>dc</span> <span class='ocrx_word' id='word_1_482' title='bbox 237 4929 288 4979; x_wconf 90' lang='lat' dir='ltr'>quo</span> <span class='ocrx_word' id='word_1_483' title='bbox 315 4923 369 4964; x_wconf 89' lang='lat' dir='ltr'>tota</span> <span class='ocrx_word' id='word_1_484' title='bbox 392 4916 506 4980; x_wconf 82' lang='lat' dir='ltr'>quaestio</span> <span class='ocrx_word' id='word_1_485' title='bbox 530 4915 624 4979; x_wconf 87' lang='lat' dir='ltr'>pendet</span> <span class='ocrx_word' id='word_1_486' title='bbox 648 4917 688 4964; x_wconf 85' lang='lat' dir='ltr'>ius</span> <span class='ocrx_word' id='word_1_487' title='bbox 711 4916 843 4980; x_wconf 84' lang='lat' dir='ltr'>spectandi</span> <span class='ocrx_word' id='word_1_488' title='bbox 866 4917 894 4966; x_wconf 88' lang='lat' dir='ltr'>in</span> <span class='ocrx_word' id='word_1_489' title='bbox 919 4915 977 4964; x_wconf 85' lang='lat' dir='ltr'>loeo</span> <span class='ocrx_word' id='word_1_490' title='bbox 1001 4920 1120 4979; x_wconf 85' lang='lat' dir='ltr'>separato</span> <span class='ocrx_word' id='word_1_491' title='bbox 1145 4920 1171 4963; x_wconf 86' lang='lat' dir='ltr'>et</span> <span class='ocrx_word' id='word_1_492' title='bbox 1188 4913 1364 4965; x_wconf 79' lang='lat' dir='ltr'>inalocorum</span> <span class='ocrx_word' id='word_1_493' title='bbox 1382 4922 1557 4965; x_wconf 72' lang='lat' dir='ltr'>certarat:</span> 
     </span>
     <span class='ocr_line' id='line_1_44' title="bbox 180 5006 1557 5074; baseline -0.001 -18"><span class='ocrx_word' id='word_1_494' title='bbox 180 5014 417 5072; x_wconf 82' lang='lat' dir='ltr'>perpetuorumque.</span> <span class='ocrx_word' id='word_1_495' title='bbox 456 5006 512 5070; x_wconf 88' lang='lat' dir='ltr'>[No</span> <span class='ocrx_word' id='word_1_496' title='bbox 536 5023 567 5057; x_wconf 86' lang='lat' dir='ltr'>ea</span> <span class='ocrx_word' id='word_1_497' title='bbox 591 5008 694 5071; x_wconf 76' lang='lat' dir='ltr'>qnidam</span> <span class='ocrx_word' id='word_1_498' title='bbox 717 5023 783 5074; x_wconf 84' lang='lat' dir='ltr'>quas</span> <span class='ocrx_word' id='word_1_499' title='bbox 807 5016 865 5073; x_wconf 89' lang='lat' dir='ltr'>post</span> <span class='ocrx_word' id='word_1_500' title='bbox 889 5007 1033 5059; x_wconf 84' lang='lat' dir='ltr'>Beckerum</span> <span class='ocrx_word' id='word_1_501' title='bbox 1057 5014 1083 5057; x_wconf 85' lang='lat' dir='ltr'>et</span> <span class='ocrx_word' id='word_1_502' title='bbox 1100 5006 1316 5058; x_wconf 73' lang='lat' dir='ltr'>Friedldndarnm</span> <span class='ocrx_word' id='word_1_503' title='bbox 1338 5021 1388 5072; x_wconf 72' lang='lat' dir='ltr'>ego</span> <span class='ocrx_word' id='word_1_504' title='bbox 1411 5006 1446 5057; x_wconf 87' lang='lat' dir='ltr'>de</span> <span class='ocrx_word' id='word_1_505' title='bbox 1471 5007 1557 5057; x_wconf 74' lang='lat' dir='ltr'>his</span> 
     </span>
     <span class='ocr_line' id='line_1_45' title="bbox 180 5098 1551 5167; baseline 0 -18"><span class='ocrx_word' id='word_1_506' title='bbox 180 5100 257 5149; x_wconf 85' lang='lat' dir='ltr'>rebus</span> <span class='ocrx_word' id='word_1_507' title='bbox 281 5101 388 5162; x_wconf 83' lang='lat' dir='ltr'>exposui</span> <span class='ocrx_word' id='word_1_508' title='bbox 413 5101 440 5149; x_wconf 90' lang='lat' dir='ltr'>in</span> <span class='ocrx_word' id='word_1_509' title='bbox 464 5100 600 5149; x_wconf 84' lang='lat' dir='ltr'>annalibus</span> <span class='ocrx_word' id='word_1_510' title='bbox 625 5101 734 5152; x_wconf 83' lang='lat' dir='ltr'>instituti</span> <span class='ocrx_word' id='word_1_511' title='bbox 760 5100 888 5152; x_wconf 84' lang='lat' dir='ltr'>archaeol.</span> <span class='ocrx_word' id='word_1_512' title='bbox 908 5116 932 5153; x_wconf 84' lang='lat' dir='ltr'>a.</span> <span class='ocrx_word' id='word_1_513' title='bbox 948 5102 1018 5152; x_wconf 82' lang='grc'>1856</span> <span class='ocrx_word' id='word_1_514' title='bbox 1038 5116 1063 5165; x_wconf 86' lang='lat' dir='ltr'>p.</span> <span class='ocrx_word' id='word_1_515' title='bbox 1078 5100 1154 5151; x_wconf 74' lang='lat' dir='ltr'>blaa.</span> <span class='ocrx_word' id='word_1_516' title='bbox 1174 5098 1208 5149; x_wconf 80' lang='lat' dir='ltr'>ci.</span> <span class='ocrx_word' id='word_1_517' title='bbox 1229 5100 1300 5151; x_wconf 80' lang='grc'>1859</span> <span class='ocrx_word' id='word_1_518' title='bbox 1319 5113 1346 5164; x_wconf 80' lang='lat' dir='ltr'>p.</span> <span class='ocrx_word' id='word_1_519' title='bbox 1362 5100 1414 5150; x_wconf 79' lang='lat' dir='ltr'>las</span> <span class='ocrx_word' id='word_1_520' title='bbox 1434 5113 1551 5167; x_wconf 72' lang='lat' dir='ltr'>quae-</span> 
     </span>
     <span class='ocr_line' id='line_1_46' title="bbox 182 5190 621 5259; baseline 0.005 -17"><span class='ocrx_word' id='word_1_521' title='bbox 182 5192 291 5242; x_wconf 86' lang='lat' dir='ltr'>stionem</span> <span class='ocrx_word' id='word_1_522' title='bbox 309 5192 452 5243; x_wconf 77' lang='lat' dir='ltr'>absolvunt.</span> <span class='ocrx_word' id='word_1_523' title='bbox 490 5190 621 5259; x_wconf 67' lang='lat' dir='ltr'>iliram]</span> 
     </span>
    </p>
   </div>
   <div class='ocr_carea' id='block_1_5' title="bbox 0 0 1734 6292">
    <p class='ocr_par' dir='ltr' id='par_1_9' title="bbox 0 0 1734 6292">
     <span class='ocr_line' id='line_1_47' title="bbox 0 0 1734 6292; baseline 0 0"><span class='ocrx_word' id='word_1_524' title='bbox 0 0 1734 6292; x_wconf 95' lang='lat' dir='ltr'> </span> 
     </span>
    </p>
   </div>
  </div>
 </body>
</html>
