3458 6292
200 469 270 536 104
501 487 809 538 ossunvnrrouus
836 488 1112 539 urronnrurcan
1139 491 1216 538 xvi.

197 659 335 716 nimirum
358 672 584 735 recuperatores
600 680 618 719 a
632 674 771 738 praetore
793 661 955 737 postulare.
989 661 1068 719 Nam
1091 662 1121 719 in
1143 662 1241 720 iudice
1263 682 1321 720 uno
1344 680 1526 737 quamquam

195 761 313 819 sortitio
335 760 464 821 sortasse
491 763 587 820 locum
615 782 673 821 non
696 764 800 835 habet,
829 765 939 840 quippe
965 782 1053 838 quern
1080 773 1130 823 aut
1156 765 1265 841 potitor
1292 783 1342 821 reo
1369 764 1447 821 ferat
1475 775 1527 821 aut

195 865 390 939 magistratus
413 866 548 941 partibus
571 866 630 937 det,
652 875 877 944 recuperatores
897 860 973 924 ‘sors
996 875 1025 923 et
1048 885 1122 923 urna
1140 862 1340 943 adsignat’¹)‚
1364 886 1420 924 neo
1441 868 1525 942 quic-

193 984 283 1041 quam
298 967 430 1044 impedit,
452 969 611 1043 quominus
627 968 766 1025 mulieres
782 987 835 1025 eae
851 967 887 1024 de
903 969 1011 1043 quibus
1031 969 1128 1046 agitur
1145 988 1210 1027 curn
1227 966 1261 1027 C.
1277 966 1418 1028 Lucretio
1441 990 1524 1027 recu-

193 1085 347 1144 peratores
371 1070 561 1144 sumpserint.
606 1069 746 1127 Lucretio
769 1079 867 1128 autem
891 1071 965 1128 satis
987 1070 1170 1146 explicatur,
1199 1071 1225 1128 si
1253 1071 1290 1128 ab
1318 1091 1354 1129 eo
1380 1072 1448 1146 ipso
1473 1072 1524 1146 qui

193 1181 418 1246 recuperatores
445 1171 617 1247 postulabat
644 1192 718 1229 urna
746 1171 785 1228 ad
812 1190 863 1229 eos
890 1172 1060 1232 sortiendos
1085 1174 1115 1230 in
1137 1174 1185 1231 ius
1207 1172 1359 1230 afferenda
1384 1186 1465 1238 erat:
1494 1174 1524 1230 id

194 1274 273 1349 quod
296 1293 348 1332 cur
369 1274 412 1331 ita
434 1293 492 1332 non
513 1274 606 1332 suerit
627 1293 685 1331 non
709 1274 804 1331 viden.

271 1563 294 1622 ¹)
319 1564 420 1615 Plinius
438 1581 531 1630 paneg.
547 1566 581 1615 36
601 1567 695 1615 collato
715 1566 839 1617 Suetonio
859 1566 922 1616 Ner.
938 1568 979 1616 tt.
1018 1566 1059 1617 cf.
1078 1564 1179 1616 Plinius
1198 1566 1224 1616 h.
1243 1583 1268 1617 u.
1287 1567 1368 1631 praef.
1384 1570 1415 1617 8:
1437 1566 1523 1634 pluri·

193 1674 255 1706 mum
273 1655 359 1722 refert,
378 1657 501 1707 sortiatur
520 1656 615 1723 aliquit
633 1656 739 1708 indicem
758 1675 792 1707 an
811 1658 898 1725 elt'qat.

633 5186 735 5237 Formis
754 5186 920 5237 Academicis
940 5186 984 5249 (G.
997 5184 1088 5251 Vogt).
