3458 6292
194 486 266 554 276
753 498 959 549 WlLMANNS

631 602 753 610 ...ι-

277 675 498 736 Monumentum
526 676 701 750 inscriptum
729 684 840 731 senatus
868 673 1025 732 corisultum
1052 674 1086 730 dc
1112 674 1245 728 nondinis
1273 670 1363 728 saltus
1389 667 1526 741 Rapum-

194 785 234 838 aia
263 784 292 837 in
320 783 460 837 territorio
487 778 606 836 Curensi
639 795 670 833 re
700 795 770 834 vera
802 795 861 833 uon
896 784 955 833 tam
987 776 1157 851 exemplum
1191 786 1237 832 est
1270 770 1528 833 senatusconsulti

194 902 283 959 quam
305 881 385 940 illius
407 880 547 957 exempli,
569 879 651 954 quod
672 879 771 936 Roma
792 879 822 935 in
846 878 980 935 Africam
1002 878 1040 935 ad
1061 878 1161 954 ipsum
1182 887 1215 935 ut
1238 878 1354 936 videtur
1373 876 1528 933 Lucilium

195 985 372 1043 Africanum
401 984 525 1041 missum
555 990 600 1040 est
626 990 655 1038 et
681 991 714 1039 ut
740 979 888 1057 publicam
915 980 1002 1036 fidem
1025 980 1147 1038 haberet
1169 980 1211 1037 ita
1232 981 1376 1058 scriptum
1397 983 1528 1057 ligatum

196 1087 306 1164 sigillis
335 1086 469 1144 clausum
498 1085 604 1154 iuerat,
638 1091 670 1140 ut
692 1084 889 1140 iustrumenta
917 1081 997 1158 apud
1020 1081 1171 1140 Romanos
1194 1083 1284 1141 scribi
1306 1083 1394 1159 ligari
1417 1083 1530 1162 sigillis

196 1189 292 1248 claudi
314 1187 460 1246 solebant.
505 1186 577 1244 Ideo
599 1186 685 1244 initio
707 1184 857 1243 indicatur
879 1185 956 1242 unde
977 1185 1202 1260 transscriptum
1231 1187 1271 1243 sit
1292 1193 1322 1243 et
1343 1187 1374 1243 in
1395 1186 1455 1244 fine
1478 1185 1531 1243 ad·

197 1292 260 1348 dita
280 1291 470 1369 reperiuntur
491 1288 675 1365 signatorum
695 1287 802 1345 civium
827 1287 1029 1346 Romanorum
1052 1288 1173 1345 uomina
1195 1295 1318 1363 septem,
1351 1288 1424 1347 olim
1446 1288 1531 1364 sigil-

198 1394 235 1451 lis
258 1392 351 1450 cereis
374 1393 403 1449 in
426 1391 574 1450 exteriore
597 1401 681 1466 parte
703 1388 836 1466 diptychi
859 1390 1006 1464 adposita.

282 1496 382 1571 Atque
409 1501 441 1551 ut
468 1492 504 1550 de
532 1502 665 1568 tempore
691 1492 818 1569 primurn
842 1492 1005 1563 videamus,
1038 1491 1176 1549 consules
1199 1493 1341 1552 ordinarii
1368 1493 1432 1552 noti
1459 1507 1534 1553 sunt

202 1597 272 1655 anni
297 1597 354 1656 138
377 1617 406 1674 p.
430 1593 475 1665 0.,
509 1595 636 1671 primum
663 1602 763 1651 tamen
792 1595 849 1652 boc
876 1594 941 1652 loco
973 1594 1063 1669 pleno
1097 1595 1215 1652 nomine
1242 1596 1433 1670 appellantur
1460 1615 1532 1654 cum

200 1711 357 1775 praeterea
384 1708 414 1756 et
440 1697 518 1772 apud
546 1707 681 1755 auctores
711 1707 740 1752 et
767 1697 798 1755 in
825 1696 919 1755 titulis
947 1698 1124 1772 cognomina
1151 1705 1266 1754 tautum
1295 1696 1471 1757 Camerinus
1503 1709 1535 1757 et

200 1802 296 1879 Niger
316 1801 514 1875 reperiantur:
548 1798 695 1857 refellitur
717 1798 808 1874 igitur
829 1799 1027 1874 antiquiorum
1049 1800 1220 1858 coniectura
1242 1799 1292 1876 qui
1316 1800 1440 1859 alterum
1463 1798 1536 1860 Sul-

201 1905 297 1983 piciae
320 1904 444 1960 alterum
461 1879 619 1974 Quinctiae
641 1901 722 1976 genti
745 1900 896 1959 consulem
919 1901 1092 1961 tribuerunt.
1138 1898 1198 1960 Sed
1220 1920 1399 1978 quamquam
1422 1921 1536 1961 consu-

201 2007 263 2065 latu
285 2004 580 2065 senatusconsultum
603 2002 725 2062 secundi
748 2003 861 2062 saeculi
883 2021 950 2062 esse
971 2003 1128 2076 iudicatur,
1161 2005 1299 2080 equidem
1321 2005 1424 2063 titulos
1446 2005 1536 2082 ipsos

201 2109 285 2167 nullo
307 2116 394 2185 pacto
416 2105 520 2165 eodem
542 2113 676 2182 tempore
699 2114 840 2164 exaratos
868 2123 933 2164 esse
956 2106 1065 2178 iudico,
1095 2107 1144 2164 cui
1165 2126 1202 2165 ne
1228 2108 1317 2165 unius
1340 2107 1461 2183 quidem
1484 2108 1537 2166 lit-

203 2219 283 2270 terae
303 2210 400 2268 forma
421 2208 496 2267 satis
519 2212 665 2267 convenit.
718 2206 795 2267 Sunt
817 2208 894 2265 enim
917 2216 1020 2267 tenues
1042 2215 1071 2266 et
1091 2209 1274 2285 inaequales,
1307 2210 1356 2268 hic
1376 2209 1440 2269 illic
1462 2229 1538 2270 cau-

205 2312 252 2370 dis
274 2324 404 2384 oruatae,
438 2311 560 2369 omnino
583 2311 648 2369 eius
670 2312 784 2370 formae
811 2311 896 2369 cuius
923 2328 991 2370 esse
1018 2310 1118 2370 solent
1142 2313 1172 2369 in
1195 2312 1441 2389 inscriptionibus
1463 2324 1540 2388 post

206 2414 386 2473 Diocletiani
408 2424 546 2490 tempora
567 2413 616 2471 vel
637 2422 713 2472 certe
733 2422 804 2490 post
826 2413 955 2473 medium
978 2414 1129 2473 saeculum
1152 2415 1271 2473 tertium
1296 2415 1414 2473 incisis:
1448 2434 1539 2491 prae·

206 2517 293 2595 cipue
315 2516 479 2574 formarum

657 2648 788 2741 Cpgfill
835 2671 890 2729 pro
935 2652 1077 2715 CLREM

206 2838 318 2896 frustra
343 2834 449 2909 opinor
477 2835 616 2911 exempla
644 2835 753 2892 saeculi
783 2836 903 2894 secundi
931 2845 1119 2913 quaerentur.
1175 2837 1304 2899 Saeculo
1333 2839 1422 2917 igitur
1447 2842 1540 2898 tertio

207 2946 335 2997 exeunte
361 2937 502 3013 exempla
530 2936 782 2995 senatusconsulti
810 2946 861 2996 aut
887 2946 1029 2998 renovata
1061 2941 1198 3000 videntur
1230 2959 1297 2999 esse
1329 2950 1381 3000 aut
1413 2943 1540 3001 omnino

208 3042 336 3117 primum
359 3038 478 3114 publice
500 3039 662 3114 proposita.
719 3038 817 3113 Quam
838 3050 974 3100 accurate
1003 3052 1102 3101 autem
1131 3043 1340 3119 quadratarius
1362 3045 1540 3120 exemplum

208 3143 363 3216 antiquum
385 3140 570 3215 expresserit
592 3142 805 3219 orthographia
827 3161 974 3219 nusquam
996 3158 1137 3221 corrupta
1155 3146 1300 3217 ostendit3
1323 3148 1396 3222 quin
1411 3147 1443 3205 in
1457 3166 1541 3206 com·

208 3243 326 3321 peudiis
351 3243 517 3319 scripturae
542 3243 574 3301 in
595 3243 732 3302 kalendis
753 3244 919 3304 indicandis
941 3255 1088 3306 vetustum
1112 3267 1197 3307 usum
1219 3250 1370 3324 sequitur,
1398 3267 1465 3306 cum
1495 3251 1541 3326 ip-

210 3347 274 3406 sius
297 3352 395 3405 aetate
416 3362 534 3420 semper
556 3362 612 3404 aas
635 3346 813 3405 scriberetur
835 3367 891 3425 pro
913 3366 931 3405 κ
958 3350 1022 3407 aevi
1045 3350 1188 3421 melioris,
1221 3369 1275 3408 uec
1297 3351 1354 3409 nisi
1376 3353 1408 3410 in
1430 3369 1541 3410 consu·

209 3451 274 3507 latu
295 3447 430 3525 peccavit
443 3447 503 3522 ¹ubi
525 3461 585 3506 cos
600 3447 632 3506 iu
644 3464 719 3508 coss
741 3451 877 3521 mutarit,
900 3452 978 3527 quod
1001 3461 1070 3509 ante
1092 3454 1244 3512 saeculum
1266 3455 1384 3512 tertium
1407 3453 1540 3514 medium

212 3569 272 3608 uon
293 3549 452 3608 invenitur.

296 3648 444 3712 Consules
467 3652 584 3711 suffecti
605 3653 667 3712 noti
690 3661 768 3713 sunt.
811 3654 897 3712 Alter
919 3655 952 3713 P.
980 3655 1098 3716 Cassius
1122 3657 1270 3716 Secundae
1291 3667 1543 3719 commemoratur

212 3755 242 3812 in
266 3753 352 3812 titulo
373 3751 646 3831 Lambaeaitauo¹)
668 3755 840 3833 imperatori
855 3756 1010 3816 Hadriano
1033 3778 1051 3816 a
1072 3760 1216 3819 militibus
1240 3761 1387 3838 stipendia
1408 3763 1542 3822 emeritis

214 3857 323 3926 dicato,
354 3855 386 3913 in
413 3874 471 3933 quo
500 3857 608 3915 dicitur
633 3858 749 3935 legatus
776 3861 904 3937 Augusti
930 3880 985 3937 pro
1011 3870 1161 3939 praetore,
1195 3862 1308 3921 scilicet
1335 3862 1462 3941 legionis
1490 3865 1542 3922 Ill

213 3960 369 4037 Augustae
391 3959 422 4016 iu
436 3958 580 4018 Numidia
601 3968 702 4019 castra
722 3962 872 4033 habentis3
897 3982 935 4020 ex
951 3981 1012 4038 qua
1029 3963 1176 4039 legatione
1197 3982 1264 4021 cum
1287 3966 1387 4024 statim
1410 3966 1449 4022 ad
1470 3984 1543 4024 con-

214 4061 346 4121 sulatum
373 4061 496 4137 provehi
524 4061 605 4120 soliti
634 4064 707 4135 sint,
742 4061 897 4123 Secundus
925 4085 961 4123 ea
986 4067 1143 4140 postremis
1175 4066 1364 4142 imperatoris
1392 4066 1544 4126 Hadriani

214 4163 301 4222 annis
323 4162 441 4221 iunctus
463 4161 678 4223 videturesse.
722 4165 854 4224 Alterius
877 4167 927 4243 qui
948 4168 1034 4226 initio
1056 4179 1177 4227 senatus
1200 4170 1329 4229 consulti
1352 4178 1487 4228 vocatur:

298 4264 332 4322 P.
360 4264 503 4340 Delphica
529 4265 700 4342 Pereprinaa
734 4268 835 4327 Alcias
872 4269 1009 4328 Aleaniua
1042 4271 1188 4329 Maximus
1218 4270 1334 4331 Curtius
1367 4272 1544 4333 Valerianus

216 4367 358 4426 Proculus
380 4365 422 4424 M.
447 4365 560 4425 Nonius
582 4368 746 4442 Mucianus,
780 4370 811 4428 in
832 4373 891 4430 fine
913 4373 1087 4449 simpliciter
1108 4374 1153 4431 Μ.
1174 4373 1287 4432 Nonius
1311 4373 1466 4433 Mucianae
1488 4393 1545 4434 uo-

216 4471 314 4528 vimus
342 4466 461 4525 titulum
489 4475 558 4526 ante
585 4470 773 4530 consulatum
795 4474 822 4531 ei
844 4494 863 4532 a
884 4474 1107 4534 Veronensibus
1129 4473 1335 4552 dedicatumt)
1362 4477 1391 4533 iu
1415 4496 1474 4554 quo
1497 4479 1544 4536 Μ.

218 4573 330 4631 Nonius
360 4569 404 4627 M.
426 4571 454 4643 s.
478 4569 546 4628 Pob.
570 4572 725 4633 Mucianus
749 4575 781 4634 P.
804 4576 948 4652 Delphica
975 4578 1145 4653 Pereprt'nua
1172 4578 1342 4656 appellatur
1374 4590 1404 4636 et
1435 4581 1546 4640 deinde

217 4675 347 4733 honores
376 4672 413 4730 ab
440 4691 476 4732 eo
502 4675 580 4750 gesti
605 4676 796 4739 exhibentur:
829 4680 861 4737 in
889 4689 1080 4739 monumento
1109 4699 1144 4738 eo
1173 4681 1209 4739 de
1236 4699 1296 4760 quo
1324 4682 1458 4759 agimus,
1491 4684 1546 4743 ubi

219 4859 421 4870 ——-—-—-—

297 4987 320 5050 ι)
349 4985 452 5046 Renier,
471 4985 577 5037 Rccueil
596 5006 621 5041 n.
643 4994 667 5040 l.

297 5090 322 5154 ι)
351 5093 429 5160 (3οη),
449 5079 483 5129 V.
502 5098 527 5133 n.
549 5079 629 5134 3³4³.
