3458 6292
654 581 730 632 unx
748 580 829 636 oon.
850 581 1078 632 cunnmvns.
1458 566 1528 635 107

195 752 397 833 longitudinis
416 754 552 831 aequalis
574 754 615 813 sit
635 764 725 831 atquc
738 755 846 831 prima,
868 754 986 813 ridetur
1000 754 1101 814 itidem
1118 756 1204 814 tertia
1218 755 1279 814 sere
1295 756 1357 815 cius
1373 774 1443 833 pars
1460 765 1531 815 tcm-

196 874 271 932 porc
291 858 408 917 receuti
428 856 548 916 demum
566 858 597 916 vi
617 858 725 915 avulsa
746 874 828 928 esse3
850 856 920 914 inde
941 858 1018 916 banc
1039 864 1152 933 partem
1175 876 1235 916 una
1256 877 1321 917 cum
1344 859 1467 934 reliquls
1486 879 1532 915 re-

197 974 316 1035 pertam
338 978 408 1020 esse
429 960 484 1019 sed
504 960 595 1018 celari
617 959 767 1018 conclusit
786 958 938 1035 Berlanga
958 959 1167 1036 probabiliter,
1190 970 1221 1018 ut
1242 978 1335 1036 supra
1356 960 1428 1018 dlxi.
1471 960 1532 1018 Ta-

197 1060 288 1121 bulae
308 1062 404 1141 igitur
423 1080 528 1121 omnes
549 1061 682 1121 eiusdem
703 1061 764 1121 lere
786 1063 876 1120 etiam
901 1061 1096 1138 longitudinis
1119 1062 1256 1120 videntur
1276 1062 1385 1133 fuisse,
1412 1070 1446 1119 ut
1467 1062 1531 1119 alti-

199 1163 303 1223 tudine
328 1175 401 1224 sunt
424 1163 576 1243 aequales.
617 1164 724 1241 Margo
753 1183 818 1223 cnm
847 1164 1042 1223 foraminibus
1064 1166 1214 1241 utrimque
1236 1166 1307 1223 olim
1330 1164 1531 1223 circumdatus

201 1274 291 1325 etex
312 1274 399 1346 parte
420 1276 558 1327 servatus
581 1264 668 1325 docet
688 1283 741 1325 eas
763 1266 873 1325 affixas
893 1266 989 1324 fuisse
1009 1267 1115 1344 parieti
1138 1267 1228 1325 alicui
1243 1268 1287 1324 ita
1300 1267 1364 1326 sinc
1379 1267 1479 1338 dubio,
1501 1276 1532 1324 ut

202 1366 237 1425 da
252 1367 345 1445 pleno
365 1378 441 1429 recta
461 1367 518 1445 lepi
538 1378 676 1445 possent3
698 1368 780 1445 quod
801 1376 905 1427 notum
927 1378 974 1427 est
995 1370 1104 1444 ubique
1127 1369 1317 1428 observatum
1340 1387 1407 1427 csse
1422 1369 1453 1427 in
1467 1369 1532 1426 eius

206 1468 284 1529 modi
304 1470 413 1531 tabulis
432 1470 596 1547 inscriptis,
618 1488 696 1545 quae
717 1470 838 1546 publice
859 1471 1033 1548 propositae
1048 1481 1141 1531 erant.
1175 1471 1311 1530 Tabulae
1325 1472 1415 1548 igitar
1429 1488 1533 1529 omues

210 1578 317 1632 textum
337 1572 478 1633 videntur
497 1574 681 1632 continuisse
701 1572 733 1631 iu
752 1572 870 1649 paginis
886 1573 950 1631 sive
965 1573 1112 1632 columnis
1127 1575 1259 1650 quinque
1274 1575 1361 1632 iuxta
1376 1573 1532 1632 collocatis

214 1674 415 1751 perscriptum
442 1684 477 1735 ut
496 1676 586 1735 etiam
609 1676 640 1734 iu
662 1675 872 1752 antiquissima
894 1675 1075 1734 voluminum
1097 1676 1246 1751 scriptura
1266 1676 1331 1734 ficri
1353 1685 1455 1734 notum
1470 1684 1533 1747 cst.

218 1772 309 1835 Prius
330 1776 518 1855 singulorum
544 1778 674 1855 capitum
695 1776 843 1836 vocabula
863 1794 979 1835 versum
1007 1777 1165 1853 incipiunt,
1192 1778 1234 1835 ita
1259 1788 1291 1836 ut
1312 1777 1414 1854 paullo
1436 1778 1533 1853 magis

223 1874 419 1957 inmerginem
432 1889 609 1953 excurruut3
631 1880 679 1938 bis
694 1879 892 1939 subscribitur
906 1880 1014 1956 capitis
1030 1897 1183 1949 numerum
1205 1880 1340 1938 rubricae
1355 1880 1453 1938 littera
1468 1877 1532 1954 (ac)

228 1994 351 2057 nusquam
375 1982 493 2041 adiecta
518 1990 573 2041 est
617 1978 694 2041 Cum
720 1982 873 2057 supersint
899 1982 999 2057 capita
1020 1979 1094 2041 XCI
1117 1982 1155 2038 ad
1177 1979 1250 2040 CVI
1276 1982 1306 2039 in
1327 1981 1439 2040 tabulis
1461 1981 1533 2039 dua-

232 2078 274 2141 bu
294 2083 439 2159 prioribus
467 2091 498 2142 et
525 2084 626 2161 capita
654 2081 795 2143 CXXIII
822 2084 861 2142 ad
887 2082 1055 2143 CXXXIV
1081 2085 1112 2141 in
1138 2084 1242 2154 tertia,
1271 2083 1534 2158 interciderintque

161 2254 164 2259 Ι
236 2182 451 2259 optol-xc,
473 2182 738 2259 CVII-CXXII,
761 2182 914 2245 CXXXV
936 2194 966 2244 et
987 2186 1152 2261 sequentia,
1178 2185 1331 2259 probabile
1353 2194 1399 2244 est
1419 2187 1450 2243 in
1473 2204 1533 2242 una

160 2268 163 2309 ²
239 2298 324 2363 quque
346 2287 451 2347 tabula
476 2278 645 2365 perscripta
669 2287 766 2347 luisse
792 2289 892 2364 capitu
917 2288 1035 2346 circiter
1055 2286 1117 2345 XV
1139 2288 1176 2345 ad
1199 2287 1275 2345 XVI
1303 2287 1333 2346 in
1360 2287 1459 2365 quinis
1484 2306 1532 2343 eo-

240 2380 327 2462 lnois,
346 2398 379 2447 ut
399 2396 481 2449 recte
502 2390 646 2467 exposuit
665 2389 825 2466 Berlanga.
864 2388 951 2463 Quod
974 2390 998 2448 si
1020 2390 1063 2447 ita
1083 2389 1147 2459 tuit,
1169 2389 1345 2448 interiorunt
1364 2389 1426 2447 fere
1447 2390 1532 2447 tabu-

241 2484 273 2543 lta
286 2506 330 2551 tax
348 2492 476 2569 priores,
498 2500 617 2564 nemra,
639 2510 735 2551 nonae
757 2509 829 2570 pars
851 2493 952 2563 tertia3
982 2500 1119 2550 servatae
1141 2499 1211 2549 sunt
1232 2492 1360 2569 septima
1384 2502 1414 2550 ct
1436 2510 1532 2549 nonae

244 2596 313 2661 rat·
331 2592 406 2654 duae
426 2594 554 2671 priores.
596 2595 632 2653 Iu
654 2595 713 2653 line
733 2613 793 2653 non
816 2594 941 2652 multum
964 2594 1070 2653 deesse
1092 2593 1245 2670 probabile
1267 2607 1322 2652 est.

296 2692 435 2773 Exempla
456 2696 648 2774 lithographa
669 2716 688 2755 a
701 2695 853 2773 Berlanga
872 2696 986 2754 utiliter
1006 2696 1122 2754 adiecta
1142 2696 1267 2754 intuenti
1289 2696 1390 2754 statim
1412 2695 1533 2753 demon-

243 2798 309 2855 tna
324 2798 500 2877 scripturam
521 2798 611 2857 huius
633 2798 724 2875 legis,
750 2817 839 2875 quam
863 2818 890 2856 a.
908 2799 968 2857 710
990 2798 1080 2856 latam
1102 2816 1171 2856 csso
1192 2807 1322 2870 constat,
1345 2816 1469 2874 prorsus
1491 2799 1534 2856 di-

245 2906 326 2957 man
348 2916 418 2959 esse
442 2920 463 2961 a
482 2898 682 2960 Caesarianae
708 2901 814 2960 aetatis
840 2901 1022 2971 litteratura,
1049 2918 1140 2976 quam
1165 2901 1264 2976 quails
1285 2899 1376 2958 fuerit
1395 2901 1534 2959 novimus

242 3010 269 3053 ⁰¹
281 2996 342 3077 legia
359 3001 458 3063 Iuliae
479 3002 669 3078 munieIpalis
691 3022 717 3061 a.
734 3002 794 3061 709
816 3002 963 3079 reliquiis,
984 3020 1061 3078 quas
1082 3002 1241 3061 Ritschelii
1256 3003 1290 3062 P.
1307 3003 1342 3061 L.
1358 3004 1399 3061 M.
1422 3002 1532 3061 tabulis

242 3092 347 3163 mm
364 3114 397 3165 at
415 3104 558 3165 XXXIV
580 3104 732 3165 exhibent.
776 3102 897 3163 Scilicet
922 3104 993 3163 illac
1019 3103 1133 3163 litteras
1155 3106 1265 3164 habent
1286 3123 1404 3164 crassas
1425 3106 1532 3164 breves

244 3202 383 3279 muana,
411 3216 481 3267 set
501 3224 527 3265 rs
552 3207 742 3286 potissimum
768 3205 882 3266 formae
908 3206 1027 3265 aliunde
1053 3216 1142 3265 notae
1169 3208 1363 3284 antiquioris,
1391 3223 1413 3266 0
1443 3226 1532 3284 saepe

241 3298 331 3379 mana
348 3308 510 3381 minorem,
535 3308 658 3368 omnino
679 3308 857 3386 scripturam
879 3308 1044 3385 simplicem
1066 3316 1097 3367 ct
1116 3310 1206 3368 rectis
1229 3320 1343 3368 tantum
1363 3310 1450 3368 lineis
1473 3309 1533 3366 alte

241 3396 316 3469 lttltit
336 3410 508 3485 formatam,
535 3412 671 3489 apicibus
700 3410 789 3469 nullis
819 3410 984 3469 litterarum
1010 3411 1194 3490 singularum
1224 3410 1332 3486 (veluti
1358 3412 1389 3469 in
1415 3431 1435 3469 Α
1464 3430 1489 3469 ra
1517 3427 1533 3469 r

241 3506 418 3593 emtione)
438 3532 495 3573 neo
515 3515 612 3591 magis
633 3512 696 3573 ulla
716 3513 797 3572 linea
816 3520 907 3585 recta,
929 3513 1021 3571 veluti
1042 3515 1074 3571 iu
1096 3528 1161 3583 qa
1183 3513 1211 3584 ri,
1233 3513 1263 3570 iu
1286 3532 1407 3572 curvum
1424 3513 1531 3571 lineam

241 3600 334 3673 Μαι
378 3618 422 3675 Aa
452 3616 485 3675 iu
516 3616 629 3675 tabulis
657 3614 884 3675 Ursonensibus
912 3613 1023 3672 iudicio
1050 3616 1125 3681 haec
1152 3615 1219 3673 aevi
1247 3616 1395 3691 sequioris
1425 3615 1535 3674 adsunt

172 3792 175 3797 Ι
240 3710 323 3786 mis,
344 3724 432 3795 atque
458 3718 489 3777 iu
511 3716 650 3777 omnibus
672 3718 883 3794 aequabiliter3
910 3736 1091 3794 quamquam
1114 3716 1232 3776 tabulae
1254 3719 1360 3777 tertiae
1386 3718 1535 3794 scriptura

240 3806 385 3889 'ditwum
409 3820 508 3879 minor
533 3828 564 3879 et
589 3820 686 3899 magis
711 3838 886 3895 compressa
911 3820 989 3878 alius
1015 3819 1152 3909 incisoris
1179 3839 1298 3878 manum
1325 3839 1398 3896 prae
1424 3820 1535 3878 ecfert

172 3916 175 3921 ¹
240 3916 305 3985 Vll!
324 3920 434 3997 ptIrnae
460 3930 492 3981 et
517 3920 679 3993 secundae,
710 3940 787 3998 quae
815 3941 876 3980 uua
902 3922 968 3981 tuit.
1019 3919 1169 3981 Convenit
1197 3932 1295 3981 autem
1325 3923 1362 3980 ud
1390 3923 1533 3980 amussim

239 4006 479 4095 llttlittornturs,
504 4040 581 4101 quse
602 4023 751 4083 elementa
770 4024 891 4083 exhibet
912 4025 1014 4083 tenuia
1034 4024 1097 4083 alta
1118 4023 1322 4099 longiuscula,
1344 4024 1481 4099 apicibus
1504 4033 1534 4082 et

242 4120 425 4185 uodonem
452 4134 573 4197 oruata,
601 4144 669 4185 oum
698 4126 797 4203 legum
824 4126 998 4185 Flaviarum
1026 4126 1190 4202 scriptura,
1220 4126 1339 4202 qualem
1367 4126 1533 4201 Berlangue

241 4210 349 4297 'Ques
373 4228 480 4287 eudem
505 4238 594 4305 utque
619 4229 784 4305 archetypa
805 4228 927 4287 modulo
946 4229 1095 4303 lapidibus
1118 4228 1232 4287 incisae
1254 4236 1431 4286 monstrant.
1474 4226 1533 4285 lta·

241 4330 284 4391 Ill
299 4328 367 4402 quud
390 4336 423 4389 et
448 4348 488 4389 ax
509 4330 600 4389 rebus
622 4339 653 4389 et
674 4350 713 4389 ex
734 4348 871 4390 sermone
893 4332 1096 4390 blommsenus
1118 4330 1196 4388 infra
1217 4330 1433 4388 demonstravit
1454 4347 1534 4386 com-

241 4420 349 4495 Μῦτ
366 4430 438 4491 item
458 4431 557 4491 forma
576 4430 752 4505 litterarum,
773 4434 888 4491 scilicet
908 4434 1026 4509 publice
1047 4432 1232 4511 propositam
1254 4450 1321 4493 osse
1342 4433 1419 4489 lianc
1437 4430 1532 4509 legem

240 4514 318 4589 ΗΜ
334 4548 391 4593 uon
410 4550 449 4593 eo
469 4550 532 4611 quo
551 4533 615 4594 lata
634 4541 680 4595 est
700 4543 845 4613 tempore,
867 4536 921 4594 sed
942 4535 1062 4594 saeculo
1084 4534 1145 4592 fere
1168 4535 1265 4611 primo
1287 4542 1424 4593 exeunte.

1235 4673 1318 4729 Ass.
1341 4670 1489 4730 Hecura.
