3458 6292
649 598 808 661 ovasse.
829 598 1046 651 anomaeos.
1066 601 1091 651 1.
1485 583 1532 654 35

452 769 484 830 C.
502 770 676 849 Calpetanue
691 772 814 831 Bantius
834 772 996 844 Quirinalis
1017 774 1147 833 Valeriae
1162 774 1266 833 Festus
1287 775 1333 832 vir
1355 775 1453 834 clarus
1468 776 1534 834 aevi

532 871 711 952 Vespasiani
733 894 773 933 ex
787 874 895 933 Tacito
916 875 1078 952 multisque
1103 876 1196 935 titulis
1218 886 1322 948 notus3
1344 895 1421 954 quae
1436 878 1535 936 omnia

531 974 645 1035 indicat
664 976 844 1037 Mommseni
865 976 957 1037 index
979 978 1136 1038 Plinianus
1159 999 1188 1056 p.
1205 977 1275 1037 tar.

451 1078 482 1137 C.
501 1075 678 1156 Calpetanue
695 1078 820 1138 Theorue
841 1078 957 1139 Romae
979 1079 1059 1140 LN.
1077 1080 1206 1139 676911
1227 1083 1258 1140 16
1278 1081 1421 1141 laterculo
1442 1083 1535 1142 tribu-

531 1180 604 1239 lium
626 1181 721 1241 tribus
745 1180 918 1243 Sucusanae
940 1201 968 1243 a.
986 1182 1034 1241 70.

452 1282 485 1342 G.
502 1282 677 1362 Calpetanue
692 1283 775 1343 Faor
796 1285 827 1344 in
841 1285 952 1364 tegnlis
975 1304 1002 1344 a.
1021 1285 1078 1343 147
1102 1286 1182 1363 apud
1198 1287 1357 1346 Matinium
1373 1289 1447 1345 Arv.
1467 1288 1534 1346 144.

452 1385 482 1443 O.
499 1384 705 1461 Ca[l]petanue
720 1385 864 1446 Liuianae
878 1389 909 1446 in
925 1389 1067 1446 mortario
1083 1388 1267 1466 Pompeiano
1282 1390 1307 1448 1.
1323 1388 1363 1448 N.
1381 1389 1471 1459 6703,
1487 1389 1534 1448 17.

490 1486 532 1545 Hi
554 1496 616 1548 tres
638 1488 744 1548 ultimo
765 1490 833 1549 loco
855 1490 926 1549 dicti
948 1491 987 1549 ad
1008 1491 1174 1550 clientelam
1197 1490 1303 1550 domus
1319 1491 1432 1550 Valerii
1451 1490 1536 1551 Festi

449 1598 577 1665 possunt
598 1591 790 1668 pertinuisse.

451 1689 538 1766 Quod
564 1693 596 1751 in
619 1691 778 1771 Calpetani
806 1696 927 1753 nomine
949 1695 1028 1754 inest
1049 1706 1076 1754 et
1096 1696 1238 1755 suffixum
1261 1696 1536 1771 frequentissimum

450 1803 497 1854 eat
516 1795 547 1853 in
568 1796 738 1855 nominibus
753 1797 962 1875 geographicis
976 1797 1153 1875 Hispaniae,
1175 1799 1269 1857 veluti
1284 1798 1314 1856 in
1333 1796 1428 1857 Callet
1444 1798 1536 1871 Osset,

449 1897 543 1957 Edeta
569 1898 708 1971 Toletum,
732 1898 871 1975 Ilergetes
893 1900 1052 1976 Indigetes,
1078 1900 1243 1959 Ausetanos
1265 1900 1440 1960 Bastetanae
1465 1902 1537 1961 Car-

446 2011 569 2076 petanos
599 1998 771 2060 Cerretanus
794 2001 962 2061 Caeretanae
988 2003 1156 2063 Iaccetonae
1182 2002 1347 2063 Lateranus
1375 2002 1536 2062 Laletanae

450 2101 506 2178 (de
533 2102 642 2179 quibua
670 2103 734 2163 dixi
762 2103 892 2163 Hermae
913 2105 929 2163 I
954 2125 984 2182 p.
1009 2103 1134 2181 377ss.)
1161 2104 1351 2163 Mauretania
1379 2103 1537 2164 Sedetanue

451 2204 641 2265 Suessetanae
667 2206 845 2266 Turdetanos
852 2227 861 2279 3
889 2208 1002 2267 similia
1030 2207 1120 2266 etium
1148 2207 1293 2266 Africana
1321 2204 1440 2266 Gallica
1465 2206 1537 2266 His-

451 2325 545 2383 psus,
579 2306 670 2367 veluti
702 2308 865 2385 Aquitanae
897 2308 1061 2370 Gaditanus
1093 2309 1319 2369 Gracurritunae
1350 2310 1538 2385 igaeditanus

451 2410 614 2470 Icositonue
636 2409 797 2470 messana
824 2420 914 2489 atque
940 2412 1077 2470 derivata
1104 2412 1141 2469 ab
1166 2411 1344 2488 oppidorum
1367 2411 1537 2470 nominibus

451 2513 483 2572 in
503 2516 516 2571 a·
537 2512 583 2571 vel
605 2516 632 2572 is
653 2512 859 2574 desinentibus
881 2514 1039 2573 Accitaaus
1054 2514 1246 2572 Aruacitanus
1260 2513 1451 2571 Bilbililanus
1467 2512 1537 2572 Sae-

452 2613 597 2675 tabitanae
620 2614 780 2675 Subitanue
806 2615 952 2691 (fortasse
981 2615 1095 2676 aSubi
1118 2615 1254 2687 flumine,
1284 2615 1320 2674 61.
1345 2613 1482 2675 c.1.1..
1505 2614 1538 2672 II

452 2715 548 2793 3297)
573 2716 767 2777 Subaritanae
786 2718 955 2777 Vaesitaaus
977 2719 1045 2777 alia.
1089 2718 1125 2775 Iu
1147 2717 1292 2795 Bithynia
1312 2719 1421 2776 flumen
1442 2724 1489 2775 est
1509 2726 1540 2775 et

453 2827 559 2895 portus
573 2810 699 2881 Kasianon
712 2821 776 2880 sive
793 2810 914 2891 Κάλπης
929 2820 1026 2879 dictus
1047 2820 1233 2898 (testimonia
1250 2819 1318 2879 vide
1337 2820 1368 2877 in
1383 2819 1538 2878 Benseleri

453 2922 667 2997 onomastico);
688 2922 928 3001 promontorium
949 2923 1065 2981 Iberiae
1086 2920 1181 2998 Calpe
1202 2932 1305 2981 notum
1328 2933 1384 2981 est.
1417 2921 1538 2981 Utrum-

453 3043 511 3101 que
545 3044 651 3084 nomeu
686 3035 772 3084 eruut
797 3025 927 3083 fortasse
954 3026 1005 3103 qui
1033 3025 1165 3084 Punicae
1194 3025 1375 3084 crediderint
1402 3024 1537 3101 originis.

456 3126 672 3188 Graeculorum
694 3128 772 3186 enim
795 3136 911 3186 tantum
932 3126 1077 3198 doctrina,
1100 3137 1134 3185 ut
1147 3126 1372 3186 Millenhoffius
1387 3127 1540 3203 perspexit

454 3228 598 3305 (deuteolte
619 3230 891 3290 Altertleumelcunde
914 3230 928 3286 l
953 3249 983 3306 p.
1005 3228 1159 3304 83.144)‚
1180 3229 1379 3306 promunturii
1400 3230 1465 3287 eius
1486 3246 1539 3286 no·

454 3352 523 3392 men
544 3352 563 3391 a
582 3320 689 3393 κάλπις
711 3332 776 3392 sire
796 3322 891 3399 ariane,
914 3332 1069 3390 vocabulis
1086 3328 1213 3390 Graecis
1231 3331 1365 3390 derivare
1381 3331 1486 3401 voluit,
1508 3331 1539 3389 id

454 3433 534 3511 quod
554 3435 683 3513 legimus
704 3435 736 3494 in
758 3435 869 3494 Avieni
890 3452 962 3492 orae
982 3435 1081 3492 morit.
1104 3452 1132 3491 r.
1149 3432 1219 3505 348,
1242 3435 1322 3510 apud
1339 3433 1448 3492 Melam
1465 3431 1493 3504 2,
1510 3433 1538 3505 6,

455 3537 495 3597 95
517 3537 598 3596 etin
620 3537 744 3597 scholiis
767 3536 804 3595 ad
819 3537 991 3595 Iuvenalem
1010 3536 1057 3607 14,
1075 3534 1148 3607 279;
1171 3554 1239 3593 nam
1261 3553 1352 3610 rupes
1375 3535 1429 3593 illa
1450 3535 1540 3612 longa

454 3648 486 3699 et
504 3639 654 3716 utrimque
676 3657 820 3715 praeceps
841 3645 929 3715 atque
949 3634 1048 3697 ‘cavus
1071 3647 1208 3714 teresque
1231 3632 1345 3695 urceus'
1367 3638 1431 3696 sive
1449 3632 1540 3695 ‘urna'

454 3742 576 3801 omuino
597 3741 756 3800 dissimilia
777 3750 855 3811 snut,
877 3747 911 3800 ut
931 3740 1119 3800 testabuntur
1138 3739 1189 3817 qui
1206 3740 1343 3811 viderint,
1365 3759 1460 3816 neque
1476 3757 1539 3797 om·

455 3845 526 3903 nino
547 3844 798 3921 quemadmodum
819 3860 910 3920 rupes
932 3842 1158 3919 qualiscumque
1181 3843 1347 3921 comparari
1362 3842 1460 3920 possit
1473 3860 1540 3900 cum

456 3965 544 4007 urceo
565 3965 678 4007 ornare
700 3947 749 4004 vel
771 3952 871 4005 stante
891 3946 939 4005 rel
961 3947 1076 4004 iacente
1098 3944 1257 4022 perspicio.
1297 3946 1410 4005 Verum
1432 3963 1539 4003 nomen

456 4048 526 4109 inde
553 4067 640 4109 suum
667 4048 822 4108 derivasse
846 4048 989 4108 familiam
1012 4048 1143 4124 aliquam
1165 4048 1312 4125 plebeiam
1335 4047 1450 4105 Romae
1471 4046 1540 4105 inde

456 4171 476 4210 a
496 4152 618 4212 saeculo
639 4152 701 4211 fere
723 4151 862 4230 septimo,
884 4169 1064 4229 quamquam
1086 4150 1149 4208 fieri
1172 4149 1291 4226 quidem
1312 4149 1418 4227 potuit,
1441 4158 1539 4207 tamen

456 4254 611 4333 probabile
639 4272 699 4313 uon
726 4262 782 4313 est.
826 4252 886 4313 Sed
911 4253 990 4312 idem
1018 4262 1045 4312 et
1069 4252 1214 4312 suffixum
1241 4252 1329 4310 etiam
1355 4251 1386 4310 in
1408 4251 1539 4309 locorum

456 4357 628 4417 Italicorum
651 4357 819 4418 nominibus
842 4357 998 4433 reperitur,
1021 4355 1103 4413 velut
1124 4356 1155 4413 in
1174 4354 1319 4413 Arretium
1336 4354 1434 4412 Caieta
1448 4352 1541 4429 Nepet

456 4460 588 4521 Peucetio
608 4459 738 4519 Pometia
759 4459 886 4519 Soletum
908 4456 1066 4534 Spoletium
1089 4458 1211 4527 Vicetia,
1238 4457 1269 4514 in
1291 4455 1448 4514 Bubetanis
1471 4456 1541 4514 Cae·

370 4602 373 4607 -
455 4567 562 4623 raonis
581 4561 751 4623 Cusuetanie
766 4560 860 4620 Plinii
875 4559 908 4635 (3
925 4560 941 4636 6
958 4559 1012 4636 69)
1034 4561 1163 4635 itemque
1181 4559 1352 4616 Tannetunie
1368 4555 1401 4633 (3
1422 4557 1438 4633 ξ
1457 4556 1542 4633 116),

457 4666 575 4726 etiamsi
606 4665 658 4725 illa
688 4664 817 4724 fortasse
843 4681 903 4721 non
931 4663 1011 4720 omni
1039 4681 1077 4720 ex
1104 4668 1189 4738 parte
1218 4671 1298 4720 recte
1326 4660 1434 4719 tradita
1462 4670 1541 4732 sunt,

458 4769 528 4829 item
554 4770 584 4829 in
611 4768 716 4828 lormis
738 4766 950 4826 adiectirorum
973 4764 1126 4841 Aeqetinus
1149 4764 1280 4823 Aletinue
1302 4762 1461 4822 Alsietinus
1482 4763 1542 4820 Ar·

456 4876 567 4948 pateus
588 4870 743 4930 Neretinue
764 4870 923 4929 Veretinue.
967 4865 1179 4943 comparanda
1203 4875 1272 4925 sunt
1293 4865 1440 4925 vocabula
1461 4865 1544 4923 velut

458 4974 586 5033 duanam
608 4974 747 5032 dumetum
770 4974 908 5031 lauretum
931 4978 1056 5028 temetum
1079 4969 1197 5028 similia.
1232 4969 1356 5027 Accedit
1377 4986 1543 5045 cognomen

458 5076 653 5155 magistratus
675 5074 830 5134 monetarii
854 5072 888 5133 C.
912 5073 1037 5132 Mamilii
1060 5071 1204 5130 Limetani
1226 5068 1275 5146 (C.
1292 5072 1316 5129 1.
1332 5069 1368 5128 L.
1385 5071 1400 5128 I
1417 5069 1502 5145 499),
1525 5087 1544 5125 6

459 5178 568 5253 limine,
597 5178 654 5237 dea
681 5178 867 5248 Linneatana,
897 5178 1059 5236 limitaneas
1088 5174 1236 5235 adiectivo
1266 5174 1395 5233 tortasse
1423 5171 1543 5230 omniuo

1300 5277 1341 5335 30
