3682 5964
638 619 748 669 FASTI
774 619 856 670 FER.
884 619 1011 669 LATIN.

888 721 929 728 ...μ

673 811 699 848 a.
717 791 777 850 536
842 808 869 875 1.Ι
870 833 961 848 .....

714 893 773 952 537
840 910 988 951 ι·ν....

713 996 773 1054 538
839 1011 1004 1053 uss...

712 1097 772 1158 539
836 1112 989 1154 Α·ι....

160 1509 244 1568 Haec
264 1503 428 1568 ‘nominum
449 1503 616 1585 principia’,
639 1507 827 1568 Burmannus
843 1509 894 1578 ait,
914 1504 1043 1566 ‘constat
1063 1526 1123 1565 non
1146 1508 1327 1585 pertinuisse
1342 1508 1380 1567 ad
1395 1510 1491 1568 fastos

159 1612 332 1670 consulares
339 1632 348 1682 ;
371 1611 493 1688 quinam
509 1627 581 1669 vero
596 1610 732 1669 homines
754 1611 945 1669 nominentur
965 1605 1146 1687 ignoramus'
1167 1609 1202 1686 (l.
1219 1609 1269 1685 c).
1302 1609 1491 1670 Burmannus

158 1734 267 1792 nempe
295 1714 333 1772 do
359 1713 579 1772 ordinariorum
606 1713 763 1772 consulum
790 1713 879 1772 fastis
904 1713 1050 1788 loquitur:
1084 1732 1152 1770 nam
1181 1713 1219 1770 ad
1246 1712 1386 1772 suffectos
1418 1713 1492 1774 haec

158 1818 311 1876 nominum
333 1815 483 1892 principia
504 1815 624 1873 minime
646 1832 738 1891 possa
758 1815 907 1890 pertinere
929 1815 997 1890 quis
1019 1813 1206 1872 adfirmabit?
1249 1814 1346 1873 Immo
1368 1834 1440 1874 vero
1464 1817 1489 1874 si

157 1921 194 1978 ab
216 1918 376 1976 Arvalium
405 1917 515 1976 tabulis
544 1915 713 1993 exemplum
739 1916 885 1994 petimus,
911 1933 1038 1992 pronum
1064 1916 1122 1976 erit
1147 1916 1294 1976 coniicere
1320 1918 1396 1976 hanc
1421 1935 1489 1977 esse

157 2021 328 2080 columnam
350 2019 495 2077 fastorum
518 2019 583 2078 aevi
606 2019 699 2077 multo
725 2018 917 2093 posterioris,
945 2019 1053 2094 quibus
1080 2019 1195 2078 suffecti
1221 2019 1375 2096 ignotique
1401 2021 1488 2079 nobis

156 2121 298 2182 consules
319 2121 430 2180 latinas
452 2121 654 2180 celebrarunt:
678 2138 790 2195 eosque
812 2120 879 2178 loco
901 2139 962 2179 non
983 2139 1038 2179 suo
1053 2139 1119 2180 esse
1134 2123 1313 2198 descriptos,
1336 2123 1417 2198 quod
1438 2121 1488 2183 de·

157 2226 275 2285 licieute
296 2224 357 2282 iam
380 2224 479 2301 spatio
500 2222 646 2299 quidquid
668 2222 753 2282 vacui
774 2223 899 2300 parietis
922 2233 1090 2300 supererat,
1116 2225 1299 2299 interpolata
1320 2233 1488 2303 temporum

157 2328 233 2387 serie
248 2327 338 2386 novis
354 2327 499 2385 fastorum
520 2325 672 2384 laterculis
693 2324 881 2400 implebatur.
915 2326 958 2384 At
973 2327 1048 2384 hano
1063 2327 1263 2386 coniecturam
1279 2327 1487 2404 fragmentum,

158 2430 237 2506 qnod
259 2428 398 2499 subiicio,
419 2445 545 2505 prorsus
567 2427 686 2487 evertit:

565 2657 572 2671 ·
587 2657 593 2672 ι
608 2659 614 2673 .
628 2660 635 2672 .
648 2639 714 2673 ³le
733 2656 1075 2673 ·················

564 2760 570 2773 .
585 2760 612 2774 ..
631 2733 758 2776 aEBVTlru
772 2757 1074 2776 ...............

565 2863 571 2876 .
586 2863 592 2876 .
605 2863 612 2877 .
627 2861 634 2877 .
648 2834 819 2878 ctvsvstvs
843 2834 899 2878 SEx.
914 2836 934 2885 s.
941 2861 1073 2876 .......

757 2935 859 2980 MAIOR

564 3066 570 3080 .
586 3067 592 3080 .
607 3069 614 3082 .
627 3066 634 3081 .
648 3038 806 3082 rosttctvs
819 3054 826 3068 ·
840 3039 890 3082 NlC
898 3064 1072 3080 .........

564 3169 571 3184 .
586 3167 612 3184 ..
633 3141 817 3195 ρνΙΝΕΤΙῑΝΞ
835 3167 1072 3185 ............

154 3351 217 3408 lam
240 3351 405 3410 Henzenus
426 3349 541 3408 monuit
563 3351 616 3408 has
639 3350 754 3408 litteras
775 3348 814 3406 ad
836 3368 936 3408 earum
961 3349 1082 3420 seriem,
1109 3367 1186 3425 quae
1208 3349 1377 3426 adscriptae
1399 3361 1484 3410 erant

154 3454 238 3512 anuis
267 3452 458 3524 sss-540,
490 3453 619 3511 fortasse
650 3452 799 3528 pertinere
832 3451 933 3526 (Ball.
957 3451 1023 3509 dell'
1047 3451 1099 3509 Ist.
1125 3451 1204 3508 1870
1226 3471 1255 3528 p.
1275 3452 1368 3528 135):
1401 3445 1491 3528 quod'

153 3565 265 3614 attento
289 3555 426 3614 instituto
442 3555 579 3614 examine
595 3572 650 3630 ego
665 3573 767 3612 verum
790 3571 858 3612 esse
880 3554 1008 3630 repperi.
1042 3551 1174 3610 Nomina
1194 3563 1275 3612 recto
1291 3573 1363 3613 casu
1378 3575 1397 3613 a
1411 3573 1482 3613 con·

154 3657 249 3716 sulum
265 3657 419 3716 notatione
435 3665 506 3715 sunt
519 3656 691 3716 necessario
707 3656 835 3714 diversa.
869 3655 1027 3729 Quodnam
1043 3655 1196 3714 hominum
1211 3673 1306 3732 genus
1321 3656 1375 3714 illa
1390 3657 1482 3734 signi·

153 3761 252 3831 licent,
275 3759 409 3818 difficilis
431 3759 566 3834 quaestio
588 3768 643 3816 est.
689 3757 736 3816 De
758 3759 932 3834 praefectis,
959 3757 1010 3832 qui
1032 3757 1170 3816 feriarum
1194 3757 1353 3817 latinarum
1377 3759 1481 3818 diebus

156 3863 219 3920 urbi
245 3869 407 3940 praeerant
432 3872 462 3920 et
489 3861 599 3938 singuli
622 3861 749 3938 singulis
775 3861 862 3918 annis
888 3859 1079 3930 creabantur,
1109 3861 1206 3934 primo
1233 3861 1372 3937 cogitavi.
1416 3861 1481 3920 linc

155 3973 240 4023 sexto
269 3965 352 4023 urbis
375 3964 511 4022 conditae
538 3962 659 4022 saeculo
686 3962 846 4020 latinarum
873 3962 960 4020 fastis
988 3960 1119 4022 adscribi
1144 3962 1261 4039 coepti?
1305 3961 1481 4022 Flauiorum

153 4076 230 4126 certe
257 4075 371 4137 aetate,
400 4065 439 4124 ad
466 4085 555 4140 quam
584 4053 942 4140 mariniaua'sragmeuta
970 4063 1131 4141 pertinent,
1160 4064 1367 4141 huiuscemodi
1393 4085 1480 4143 prae·

153 4169 295 4228 lectorum
318 4170 348 4226 in
371 4169 417 4228 bis
438 4167 527 4226 fastis
553 4167 663 4226 mentio
686 4167 777 4226 nulla.
820 4167 982 4226 Praeterea
1002 4165 1164 4226 Henzenus
1190 4167 1303 4225 monuit
1331 4187 1359 4226 v.
1383 4170 1400 4228 5
1430 4170 1480 4227 lit-

154 4283 230 4330 teras
253 4286 384 4341 ratem,
410 4270 577 4346 graecanici
600 4270 786 4344 cognominis
813 4269 945 4339 initium,
972 4269 1143 4327 libertinum
1173 4269 1322 4328 hominem
1352 4271 1480 4346 prodere

154 4373 259 4432 rideri:
287 4373 319 4430 id
340 4372 421 4448 quod
442 4372 556 4430 omissa
576 4373 670 4448 patris
686 4373 797 4430 mentio
813 4372 977 4429 confirmat.
1012 4369 1059 4429 De
1080 4371 1232 4430 humiliori
1251 4371 1346 4449 igitur
1367 4374 1479 4432 civium

152 4477 253 4534 ordine
266 4475 317 4533 vel
331 4484 417 4532 coetu
432 4473 631 4550 cogitandum.
665 4473 824 4549 Inscriptio
846 4492 912 4531 cum
935 4473 982 4532 his
1004 4472 1179 4551 fragmentis
1202 4474 1231 4532 in
1253 4475 1478 4534 montealbano

153 4589 268 4654 reperta
290 4587 321 4635 et
335 4577 373 4634 ab
388 4576 532 4634 Henzeno
554 4575 634 4634 edita
655 4584 684 4633 et
702 4576 851 4634 illustrata
867 4575 1008 4634 Cabenses
1030 4578 1190 4634 sacerdotes
1205 4577 1351 4652 seriorum
1374 4579 1477 4636 lobna-

153 4699 212 4737 ram
232 4683 335 4738 montis
356 4677 457 4736 aldani
478 4678 619 4737 nominat.
664 4677 781 4736 Horum
804 4677 990 4736 sacerdotum
1019 4677 1107 4736 facile
1133 4695 1205 4735 cura
1226 4677 1385 4736 latinarum
1407 4678 1478 4738 fasti

152 4791 217 4841 sunt
239 4780 343 4840 incisi:
373 4799 535 4857 eorumque
557 4781 658 4839 album
679 4781 735 4838 illa
756 4781 908 4839 nominum
932 4780 1035 4850 series,
1056 4779 1173 4855 opinor,
1196 4779 1327 4838 exhibet.
1371 4780 1478 4859 Neque

153 4901 285 4960 opponas
308 4901 374 4942 eam
396 4884 439 4943 ita
459 4901 526 4944 esse
549 4883 737 4960 dispositam,
760 4891 792 4940 ut
813 4882 941 4960 siugulis
959 4881 1046 4940 annis
1069 4880 1188 4958 singula
1209 4881 1331 4940 nomina
1352 4901 1476 4960 respon·

151 4986 237 5046 deant
268 4996 300 5044 et
332 5004 398 5044 cum
426 4986 512 5045 fastis
544 4986 744 5045 necessariam
775 4984 931 5043 videantur
960 4983 1196 5042 coniunctionem
1224 4983 1343 5043 habere.
1386 4985 1421 5044 Id
1447 4987 1478 5046 iu

152 5089 313 5167 fragmento
340 5107 485 5147 annornm
513 5077 691 5147 536L540
724 5087 791 5146 solo
819 5104 891 5146 casu
919 5103 1015 5162 neque
1044 5086 1165 5144 omuino
1194 5085 1234 5144 ad
1263 5087 1405 5147 amussim
1433 5089 1476 5148 fit.

150 5189 184 5248 lu
205 5191 299 5250 altero
321 5207 407 5262 raro,
428 5190 508 5267 quod
529 5191 689 5267 proposui,
716 5190 884 5266 fragmento
908 5203 1140 5247 ...ctvrvmvs
1164 5204 1228 5248 ssx.
1243 5191 1271 5264 s.
1357 5234 1364 5248 .
1377 5206 1476 5250 nator

151 5291 271 5352 duorum
294 5310 439 5352 annorum
463 5293 592 5368 spatium
614 5292 737 5350 obtinet.
782 5290 845 5351 Cur
866 5291 963 5349 album
986 5291 1059 5363 boc,
1081 5308 1149 5349 mea
1170 5291 1356 5367 coniectura,
1379 5311 1476 5352 sacer-

1229 5391 1271 5450 7*
