3458 6292
643 564 802 626 ovasse.
823 564 1085 617 oneratione
1483 548 1530 618 33

528 737 675 813 guandam
702 738 873 815 opinionem
895 739 1026 817 aliquam
1055 739 1093 797 ab
1115 738 1152 798 Ο.
1176 739 1297 797 Haubio
1319 760 1413 818 nuper
1433 741 1532 817 prola·

527 840 640 899 tamin
662 840 875 901 dissertatione
897 842 934 900 de
957 842 1138 901 carminibus
1161 842 1253 919 epicis
1273 843 1384 901 saeculi
1401 843 1533 921 Augusti

525 940 704 1017 (Vratislav.
723 944 818 1020 1870)
833 962 863 1019 p.
878 944 927 1016 14,
945 944 1061 1003 scilicet
1075 962 1181 1003 uersus
1198 944 1302 1003 Albini
1317 954 1424 1022 poetae
1438 947 1533 1021 ignoti
1642 946 1645 953 '

524 1063 565 1101 ex
592 1064 692 1104 rerum
718 1044 922 1105 Romanarum
950 1046 1064 1122 primo,
1095 1065 1171 1123 quos
1197 1046 1373 1106 Priscianus
1402 1048 1534 1106 servavit

525 1146 570 1221 (7,
594 1149 629 1219 5,
653 1145 691 1204 22
719 1168 748 1226 p.
770 1149 845 1221 304,
867 1148 908 1207 20
930 1147 1000 1225 Η.),
1030 1149 1222 1208 Albinovano
1252 1148 1426 1208 tribuendos
1454 1168 1533 1209 esse.

525 1230 645 1307 Etenim
668 1249 798 1309 Ovidius
825 1251 909 1310 solus
935 1251 966 1308 in
993 1251 1123 1309 carmine
1150 1260 1268 1327 poetam
1292 1252 1358 1311 solo
1380 1252 1532 1329 gentilicio

526 1351 671 1429 appellat;
694 1362 850 1430 praeterea
870 1372 942 1411 vero
963 1352 1075 1431 ubique
1097 1364 1149 1412 aut
1170 1364 1328 1430 utramque
1344 1356 1467 1431 ponitur
1480 1373 1532 1412 no-

526 1472 609 1526 men,
636 1454 819 1532 gentilicium
841 1464 871 1513 et
892 1473 1070 1534 cognomen,
1099 1465 1151 1514 aut
1173 1474 1337 1532 cognomen
1360 1456 1472 1529 solum,
1501 1464 1534 1515 ut

526 1574 601 1615 usus
617 1557 762 1634 postulat3
780 1557 966 1635 gentilicium
982 1559 1080 1617 solum
1095 1567 1250 1636 praeterea
1266 1576 1412 1635 nusquam
1429 1558 1534 1634 depre-

528 1659 675 1717 henditur.
714 1658 773 1720 Gai
796 1679 987 1736 praenomen,
1010 1661 1089 1738 quod
1112 1661 1180 1719 inde
1203 1681 1221 1720 a
1243 1660 1398 1738 Scaligaro
1418 1660 1534 1719 Pedoni

527 1760 678 1834 tribuitur,
701 1763 781 1821 omni
805 1762 862 1821 fide
885 1775 974 1822 caret.

443 1862 519 1921 Mire
537 1882 610 1922 sane
630 1864 798 1935 accidisset,
819 1866 845 1923 si
865 1865 983 1941 utrique
999 1874 1104 1940 poetae
1120 1883 1284 1943 cognomen
1299 1865 1412 1943 duplex
1427 1866 1535 1924 inisset

339 2014 344 2031 ,
444 1964 493 2041 (id
520 1965 601 2042 quod
630 1984 802 2044 quanquam
828 1966 977 2026 interdurn
1004 1967 1064 2025 iam
1092 1970 1240 2044 reperitur
1267 1987 1303 2026 eo
1329 1976 1477 2044 tempore,
1505 1988 1532 2025 v.

444 2066 661 2127 Mommsenum
677 2067 842 2128 Herma02
865 2088 894 2145 p.
913 2069 1014 2141 158⁸,
1037 2078 1137 2128 tamen
1158 2071 1346 2129 rarissimum
1369 2070 1439 2145 est),
1463 2087 1533 2146 gen-

443 2168 496 2227 tile
518 2178 616 2229 autem
638 2171 793 2247 utriusque
815 2172 993 2231 obrueretur
1014 2171 1173 2230 oblivione.
1215 2170 1329 2230 Contra
1350 2171 1448 2244 ambo,
1471 2182 1531 2230 taur

444 2269 555 2332 Celsus
571 2291 660 2350 quarn
671 2272 765 2345 Pedo,
777 2273 985 2333 Albinovanus
999 2274 1079 2349 genti
1093 2274 1213 2332 omnino
1226 2273 1427 2333 adscribendi.
1450 2273 1533 2332 Num

444 2373 552 2434 iratres
572 2375 687 2434 fuerint
707 2395 746 2434 an
767 2384 853 2453 pater
874 2375 1007 2435 attilius
1030 2376 1188 2435 diiudicari
1211 2377 1328 2452 nequit3
1351 2378 1404 2435 sed
1421 2386 1533 2435 utrum·

443 2494 503 2553 que
530 2476 595 2535 lieri
622 2479 728 2553 potuit.
771 2477 932 2537 Parentela
957 2478 1060 2553 aliqua
1081 2496 1133 2536 eos
1155 2479 1248 2538 fuisse
1271 2479 1445 2537 coniunctos
1468 2498 1533 2555 per-

444 2597 533 2655 quam
556 2580 713 2656 probabile
734 2589 789 2639 est.

443 2680 477 2739 P.
498 2682 696 2741 Albinouanus
718 2682 793 2741 nihil
815 2683 942 2761 amplius
966 2683 1108 2761 scriptum
1131 2683 1238 2742 litteris
1261 2683 1347 2741 bonis
1370 2684 1479 2759 legitur
1502 2683 1532 2740 in

528 2784 617 2843 titulo
639 2785 735 2844 musei
750 2785 889 2845 Vaticani
912 2784 1009 2861 (Gall.
1033 2785 1092 2863 lap.
1115 2785 1218 2844 incert.
1241 2785 1282 2861 I),
1305 2805 1393 2863 quem
1415 2784 1534 2843 Henzc·

529 2904 585 2946 nus
608 2888 691 2947 sidit.
724 2887 760 2945 In
782 2888 877 2946 titulis
898 2887 967 2946 aliia
981 2888 1164 2946 Albinovuni
1180 2907 1288 2946 nomen
1303 2888 1435 2946 nondum
1453 2907 1533 2946 com-

530 2990 639 3067 paruit,
662 3000 804 3067 quantum
827 2989 900 3049 ecio.

445 3092 558 3164 Locus,
579 3093 676 3169 siquis
698 3093 754 3151 luit
775 3092 907 3163 omnino,
930 3092 1008 3150 unde
1030 3110 1136 3150 nomen
1156 3092 1301 3170 originem
1318 3092 1413 3162 duxit,
1434 3099 1535 3168 potest

446 3193 541 3254 inissa
563 3204 614 3253 aut
636 3193 715 3253 Alba
735 3214 815 3254 nova
836 3203 888 3252 aut
910 3194 1032 3252 Albium
1054 3213 1163 3252 novum
1187 3194 1251 3253 sive
1273 3194 1464 3253 Albinovium
1489 3194 1535 3270 (ut

445 3297 672 3375 Albingaunum
700 3308 730 3356 et
755 3295 1030 3372 Albintcnrclium);
1058 3298 1095 3355 ab
1125 3304 1250 3372 utroque
1277 3302 1358 3355 recte
1385 3296 1535 3353 derivatur

446 3396 663 3473 Albinovanus,
687 3408 719 3458 ut
739 3420 758 3458 a
779 3400 845 3458 rico
860 3398 963 3458 Tusco
978 3398 1196 3457 Tusciuicanus
1219 3416 1393 3476 cognomen,
1416 3395 1452 3453 de
1475 3415 1533 3472 quo

447 3500 562 3560 dicetur
582 3501 671 3561 inira.

191 3606 367 3663 Annianus
445 3602 485 3664 L.
505 3605 637 3664 Anniani
650 3604 770 3681 Sperati
789 3602 954 3682 Luguduni
977 3602 1118 3661 Boissieu
1139 3605 1324 3678 inscriptions
1346 3603 1477 3676 antiques
1500 3602 1535 3657 da

532 3706 617 3783 Lpon
639 3727 668 3785 p.
685 3704 756 3778 528,
775 3704 843 3764 124.

191 3809 420 3867 Aescrunsrrvs
450 3808 482 3869 G.
504 3809 695 3887 Apecillanaa
720 3807 754 3868 C.
777 3808 796 3867 l.
818 3808 883 3866 Ero

448 3910 480 3971 C.
503 3910 695 3989 Apscillanus
720 3912 750 3971 C.
774 3912 794 3969 l.
816 3910 901 3988 Rufio

450 4014 480 4073 0.
504 4014 694 4091 Apscillanua
719 4014 749 4073 0.
773 4013 792 4070 l.
817 4012 926 4072 Suana

445 4115 623 4194 Apacillana
648 4114 680 4173 C.
705 4116 725 4173 l.
749 4114 882 4174 Secunda
905 4116 1005 4174 Allilis
1028 4115 1058 4173 in
1082 4112 1206 4173 Samnio
1230 4114 1254 4170 Ι.
1270 4112 1308 4171 N.
1326 4110 1416 4169 4789.

487 4218 593 4277 Trium
615 4217 790 4277 libertorum
812 4219 934 4277 nomina
956 4219 986 4276 in
1008 4217 1065 4275 hoc
1086 4215 1173 4274 titulo
1195 4215 1333 4290 genetivo
1355 4232 1427 4271 casu
1449 4213 1535 4270 cxlii-

445 4321 562 4393 bonaur,
588 4322 639 4399 qui
667 4331 767 4399 potest
794 4322 884 4379 etiam
911 4322 1024 4379 formae
1051 4320 1081 4377 in
1104 4322 1188 4375 arrian
1211 4335 1294 4388 esse3
1330 4315 1381 4373 aed
1409 4315 1534 4373 libertae

445 4442 554 4483 nomeu
576 4431 722 4501 oportune
746 4424 879 4483 additum
901 4442 963 4480 rem
986 4421 1113 4479 conficit.

327 4548 333 4566 ·
445 4524 520 4584 Loci
542 4544 650 4584 nomen
667 4526 807 4603 Apscilla
830 4526 876 4584 vol
900 4524 997 4583 simila
1019 4534 1121 4581 notum
1144 4540 1203 4580 non
1227 4531 1287 4591 cst3
1310 4519 1361 4577 sed
1377 4519 1426 4595 Ap
1446 4519 1535 4578 radix

446 4628 477 4686 in
501 4628 667 4706 Appiornrn
692 4629 813 4687 nomine
836 4626 948 4687 Sabino
970 4635 1059 4701 atquc
1081 4626 1110 4681 in
1134 4623 1275 4681 derivatis
1298 4622 1389 4680 veluti
1413 4622 1535 4698 Apinius

447 4730 578 4807 Aponius
599 4731 753 4807 Apstidina
775 4728 882 4805 (Sorae
905 4728 929 4786 I.
950 4726 990 4786 N.
1007 4727 1087 4786 9519
1111 4734 1188 4784 teste
1212 4722 1329 4796 Gudio)
1351 4731 1424 4781 nota
1444 4725 1533 4782 etiarn

446 4832 478 4890 in
492 4832 627 4891 locorum
646 4832 816 4891 nominibus
833 4832 956 4890 vetustis
972 4832 1071 4906 Apina
1086 4828 1226 4887 Dauniae
1246 4826 1380 4901 (Plinius
1396 4826 1412 4884 3
1430 4825 1447 4901 ᾗ
1463 4825 1535 4901 104)

447 4935 565 5011 Apiolia
586 4937 625 4993 ab
646 4937 732 4994 Anco
754 4935 813 4992 iam
834 4934 948 4991 eversis
972 4932 1091 5007 (Livius
1108 4933 1135 5003 1,
1152 4931 1190 4989 35
1213 4949 1251 4988 cx
1269 4927 1391 4987 Valerio
1411 4928 1534 4986 Antiatc

447 5038 609 5097 secundum
625 5037 757 5096 Plinium
774 5038 791 5095 3
815 5035 832 5111 ᾗ
849 5035 902 5111 70)
924 5034 1053 5111 Apicilia
1075 5033 1149 5109 (sita
1171 5032 1225 5090 illu
1245 5032 1321 5089 inter
1336 5028 1534 5090 Concordiam

447 5152 478 5201 et
490 5140 678 5219 Aquileiam3
699 5140 796 5198 itiner.
817 5137 1018 5214 Hierosolym.
1041 5156 1071 5213 p.
1088 5135 1148 5195 559
1162 5132 1276 5208 Wess.)
1296 5131 1533 5210 deprehenditur.

447 5244 497 5303 Ad
518 5243 726 5322 Apseillanum
749 5240 907 5318 Apstidius
930 5239 1068 5318 proxime
1090 5237 1214 5297 aceedit.

1290 5340 1308 5397 3
