3682 5964
394 581 466 651 170
963 598 1139 653 coassnn:

433 773 520 834 Tunc
547 775 640 850 rgitnr
667 774 816 833 duumviri
837 773 1032 852 Pompeiani,
1059 774 1112 848 qui
1138 791 1177 832 ex
1204 771 1396 831 decurionum
1422 771 1542 832 decreto
1569 773 1717 830 mensuris

432 877 637 953 exaequandis
664 887 836 953 praeerant,
866 876 1013 935 vocabula
1037 873 1120 934 Osca
1147 870 1351 935 mensurarum
1379 876 1568 952 antiquarum
1598 873 1718 951 scalpro

432 979 513 1037 eradi
536 980 696 1039 iusserunt.
741 976 800 1040 Sed
821 999 882 1038 non
904 988 1017 1038 tantum
1043 978 1171 1054 profecit
1191 977 1322 1054 lapicida
1341 978 1372 1035 in
1393 978 1452 1036 hoe
1474 976 1651 1036 devastandi
1673 976 1717 1034 la-

429 1081 512 1153 bore,
534 1089 646 1140 utnon
668 1081 758 1141 trium
781 1081 994 1141 vocabulorum
1016 1090 1114 1139 certae
1136 1079 1303 1138 litterarum
1324 1079 1482 1156 relliquiae
1503 1088 1660 1138 restarent

513 1181 647 1242 Primum
669 1201 733 1256 vas,
755 1184 806 1243 ubi
829 1203 847 1241 a
865 1183 973 1242 dextra
995 1193 1079 1260 parte
1101 1201 1256 1240 numerare
1278 1182 1434 1259 inceperis,
1456 1181 1544 1258 idque
1566 1181 1716 1239 maximae

415 1265 606 1362 'capacitatis
626 1285 776 1364 quomodo
798 1285 980 1363 appellatum
1002 1285 1043 1343 sit
1063 1303 1083 1342 a
1105 1282 1298 1356 Samnitibus,
1324 1283 1414 1343 nullis
1437 1282 1601 1342 litterarum
1624 1283 1716 1342 resti-

430 1388 489 1463 giis
511 1388 667 1448 indicatur.

513 1556 563 1614 Ad
585 1556 747 1616 secundnm
769 1556 953 1634 adscriptum
975 1566 1022 1616 est
1043 1523 1223 1614 vocabulum
1247 1554 1374 1614 Oscum:

744 1692 867 1766 dlaslls
1255 1713 1317 1772 bes.

512 1849 560 1908 Ad
582 1851 702 1909 tertium
724 1869 779 1909 vas
801 1859 922 1910 exstant
944 1851 1064 1927 quidem
1085 1850 1251 1909 litterarum
1273 1847 1527 1928 rarasquaedam
1548 1847 1716 1924 relliquiae,

430 1951 482 2010 sed
505 1971 558 2010 eae
579 1960 639 2012 tam
662 1953 770 2012 dubiae
792 1960 822 2011 et
843 1955 1004 2012 maximam
1026 1962 1141 2030 partem
1163 1951 1321 2024 evanidae,
1349 1961 1381 2009 ut
1406 1950 1480 2008 nihil
1505 1951 1577 2008 certi
1605 1969 1644 2008 ex
1670 1951 1716 2007 eis

429 2054 465 2112 de
487 2055 606 2113 nomine
628 2055 717 2113 huius
739 2073 897 2114 mensurae
919 2054 1022 2131 colligi
1042 2055 1148 2132 possit.

511 2176 561 2234 Ad
582 2184 720 2252 quartum
741 2177 911 2255 appositum
934 2185 981 2236 est
1001 2175 1192 2236 vocabulum:

742 2311 888 2386 kdlnlks
1255 2323 1363 2412 χοίνιξ.

512 2469 562 2527 Ad
583 2469 718 2545 quintum
740 2471 869 2548 denique
891 2489 944 2530 vas
967 2469 1082 2530 incisae
1104 2453 1202 2529 adhuc
1224 2477 1370 2548 apparent
1391 2469 1522 2528 litterae:

742 2607 887 2682 sebslk.
905 2664 931 2700 .,

428 2763 472 2822 ita
492 2773 526 2822 ut
546 2773 618 2840 post
638 2764 657 2822 k
678 2783 738 2823 nna
757 2765 805 2824 vel
826 2765 903 2824 duae
924 2765 1043 2824 litterae
1064 2764 1179 2824 deletae
1201 2781 1269 2824 esse
1290 2764 1456 2824 videantur.

469 2929 550 2991 Dedi
571 2933 872 2992 haecmensurarum
895 2932 1041 2992 vocabula
1062 2953 1100 2991 ex
1121 2933 1237 3010 ectypis
1260 2941 1290 2990 et
1312 2932 1508 3010 apographis,
1534 2949 1610 3008 quae
1633 2931 1717 2990 misit

384 3031 422 3092 G.
452 3033 489 3092 de
518 3033 619 3107 Petra,
654 3021 835 3112 comparatis
871 3035 1053 3114 apographis
1088 3053 1107 3092 a
1142 3034 1200 3093 Th.
1237 3035 1404 3093 Mommsen
1440 3051 1534 3109 nuper
1570 3035 1713 3110 acceptis.

384 3135 499 3193 Dasio
521 3137 630 3212 scripsi
651 3156 719 3195 cum
740 3138 839 3196 Manc.
861 3148 892 3197 et
913 3138 1062 3210 Momms,
1085 3137 1122 3195 de
1143 3137 1248 3196 Petra:
1272 3139 1374 3196 diesis.

468 3236 657 3298 Vocabulum
681 3241 780 3316 quarti
802 3240 885 3300 vasis
907 3240 1023 3299 kdr'nllcs
1045 3239 1176 3298 Mancini
1199 3241 1263 3298 sine
1285 3239 1378 3298 dubio
1401 3249 1479 3298 recte
1501 3240 1714 3314 interpretatus
1821 3221 1822 3285 l

384 3348 431 3397 est
451 3332 592 3422 χοίνὲξ,
615 3342 754 3418 quonism
771 3341 852 3401 Osca
874 3342 973 3400 littera
987 3342 1007 3400 lt
1021 3362 1075 3419 pro
1092 3340 1211 3401 Graeca
1225 3365 1253 3418 χ
1275 3343 1364 3400 etiam
1385 3342 1417 3400 in
1432 3341 1608 3418 cognomine
1622 3339 1716 3398 Pom·

383 3442 492 3518 peiano
514 3442 610 3501 Iovis:
647 3443 816 3502 Meeltkiier'r
837 3463 893 3521 pro
922 3436 1075 3521 Μειλιχίου
1113 3445 1225 3521 scripta
1260 3464 1295 3502 ac
1316 3444 1508 3519 pronuntiata
1538 3451 1594 3502 est.
1627 3442 1712 3500 ldem

383 3544 429 3602 vir
444 3545 549 3603 doctus
566 3545 727 3617 intellexit,
748 3546 779 3603 in
796 3565 867 3605 voce
883 3547 996 3618 diariis,
1018 3565 1079 3622 quo
1095 3546 1224 3606 secunda
1239 3563 1379 3604 mensura
1395 3545 1589 3622 significatur,
1611 3545 1713 3602 inesse

383 3647 506 3722 stirpem
529 3648 644 3706 numeri
665 3647 774 3706 binarii
796 3649 856 3720 ‹ti-3
878 3648 932 3708 sed
947 3649 1106 3724 quominus
1122 3649 1277 3708 credamus
1295 3668 1360 3707 eam
1375 3666 1444 3707 esse
1458 3648 1586 3724 simplex
1601 3665 1710 3707 nomen

382 3767 449 3806 cum
472 3766 562 3808 seusu
584 3747 695 3810 Graeci
717 3742 847 3818 δι’πλοος,
872 3749 975 3808 Latini
997 3751 1102 3827 duplus
1125 3751 1173 3809 vel
1194 3751 1313 3828 duplat,
1340 3752 1460 3811 obstare
1482 3750 1608 3822 videtur,
1630 3750 1714 3826 quod

382 3869 438 3909 nec
459 3849 569 3911 Graeci
591 3871 645 3911 nec
666 3853 796 3912 Romani
818 3853 866 3910 his
888 3853 1042 3913 adiectivis
1070 3855 1228 3914 utebantur
1249 3852 1288 3910 ad
1310 3869 1479 3911 mensuram
1500 3871 1600 3912 rerum
1621 3850 1713 3928 liqui·
1819 3863 1820 3888 ¹

383 3953 488 4012 darum
510 3953 746 4030 significandam,
769 3975 824 4014 nec
839 3955 983 4016 credibile
1004 3964 1051 4014 est
1065 3955 1211 4016 vocabulo
1233 3955 1411 4028 huiusmodi,
1434 3955 1513 4033 quod
1532 3954 1643 4013 indicet
1657 3953 1712 4011 du·

382 4055 490 4131 plieem
512 4056 646 4129 modum,
676 4058 820 4135 appellari
848 4057 879 4116 id
900 4077 970 4130 ras,
996 4059 1077 4134 quod
1102 4059 1133 4118 in
1155 4058 1365 4133 antiquissima
1387 4075 1510 4117 mensae
1531 4056 1712 4116 mensuralis

381 4158 481 4216 forma
502 4168 734 4218 consentaneum
756 4169 804 4219 est
826 4159 989 4219 secundum
1004 4161 1178 4238 capacitatis
1200 4160 1298 4220 locum
1320 4160 1463 4234 tenuisse,
1485 4169 1518 4219 ut
1538 4168 1607 4236 post
1628 4177 1713 4216 men·

382 4278 466 4319 suras
481 4261 682 4338 eiusAugusti
694 4271 827 4339 tempore
847 4262 1025 4322 immutatas.
1053 4264 1160 4339 Itaque
1171 4261 1284 4322 Oscum
1296 4263 1439 4322 cli-aetio
1450 4281 1544 4342 poene
1554 4261 1631 4321 idem
1642 4278 1713 4320 esse

380 4363 558 4422 vocabulum
575 4364 773 4440 compositum
795 4364 924 4424 arbitror
946 4383 980 4423 ac
991 4365 1133 4424 Latinum
1156 4367 1225 4435 bes,
1248 4365 1328 4441 quod
1350 4385 1365 4422 a
1388 4363 1542 4435 *bi-essia,
1563 4364 1714 4422 *bi-casia
1817 4409 1818 4422 ,

383 4474 480 4523 ortum
503 4483 571 4524 esse
593 4466 807 4539 demonstravi,
830 4469 1011 4545 comparatis
1034 4468 1157 4527 vocibus
1180 4471 1396 4544 quicqu-eosic,
1420 4471 1543 4526 tressi-⁸
1565 4483 1619 4542 pro
1641 4463 1714 4522 *tri-

381 4569 475 4633 cast-a,
491 4567 644 4627 tac-essia
659 4587 714 4648 pro
729 4567 947 4642 *bi-decessio,
963 4574 1070 4641 aem-is,
1091 4570 1135 4627 ita
1149 4579 1183 4628 ut
1196 4572 1256 4628 bos
1270 4571 1390 4645 proprie
1406 4571 1480 4628 duas
1497 4579 1597 4644 portes
1612 4572 1714 4626 tertios

381 4672 456 4727 meis
476 4671 572 4744 pondo
594 4671 755 4746 significet,
783 4681 846 4729 tum
867 4670 943 4731 duas
965 4680 1066 4750 partes
1088 4671 1192 4732 tertias
1217 4671 1445 4748 qualiscumque
1471 4671 1516 4730 rei
1544 4670 1650 4742 totius,
1678 4679 1714 4726 ut

380 4769 472 4828 modii
495 4790 593 4830 rerum
614 4773 767 4831 aridarum
789 4780 820 4831 et
841 4775 965 4833 sextarii
986 4774 1168 4850 liquidarum
1191 4793 1291 4832 rerum
1313 4782 1343 4832 et
1362 4773 1458 4852 iugeri
1480 4773 1544 4848 agri
1569 4770 1711 4847 (Ausapr.

380 4870 427 4942 II,
444 4871 510 4932 413.
525 4874 594 4945 687,
617 4874 659 4932 ed.
675 4876 702 4934 2.
736 4874 834 4933 Paull.
851 4877 926 4935 Fest.
942 4876 987 4934 M.
1007 4896 1038 4953 p.
1054 4876 1106 4935 33.
1138 4876 1269 4936 Scriboa.
1288 4876 1416 4952 Compos.
1432 4877 1530 4935 medic.
1546 4875 1617 4933 157.
1651 4871 1711 4931 Cic.

380 4972 441 5030 Au.
456 4973 479 5030 I
483 4973 515 5045 V,
535 4975 584 5047 15,
611 4979 639 5035 7.
681 4973 1155 5050 Ptin.N.11.XV111,11,26.
1180 4976 1493 5038 S.Scrtt.l.0.126.
1536 4976 1627 5035 Mart.
1650 4973 1711 5043 ΧῙ,
1815 5015 1816 5050 ,

381 5073 431 5146 36,
451 5077 478 5135 7.
526 5072 635 5136 Colum.
653 5077 689 5148 V,
708 5078 752 5154 1).
796 5078 903 5156 ltaque
925 5077 1039 5140 Oscum
1059 5079 1259 5157 compositum
1281 5081 1424 5139 atace-t
1445 5089 1476 5138 et
1488 5078 1628 5139 Latinum
1650 5077 1714 5134 b-ca

378 5193 434 5251 pro
468 5175 632 5251 *bi-etsie,
683 5175 833 5240 ‘bt-ossio
879 5202 918 5240 ex
964 5182 1068 5240 eadem
1110 5181 1202 5258 stirpe
1237 5181 1343 5241 Italica
1382 5183 1535 5241 *dui-oest-
1571 5177 1713 5238 videntur

378 5287 445 5334 orta
487 5294 566 5353 esse,
608 5279 646 5338 sd
689 5299 780 5356 quam
824 5281 906 5342 Osca
949 5284 1050 5342 adfixa
1092 5294 1140 5343 est
1181 5283 1330 5360 particula
1371 5287 1421 5342 ·to.
1491 5284 1591 5360 Atque
1634 5283 1712 5340 hanc
1814 5321 1815 5370 l
