3458 6292
567 497 619 546 uo
637 497 737 546 nors
757 496 887 546 aunum.
909 495 994 545 nau.
1371 475 1442 543 215

150 668 186 727 V.
207 669 309 727 7-16
345 670 495 728 restitutio
528 687 616 745 quam
649 671 794 747 proposui
827 689 906 728 novo
934 670 1101 748 fragmento
1130 669 1268 726 adiuncto
1296 687 1355 726 non
1383 688 1445 726 mu·

110 782 200 831 tatur.

150 873 187 932 V.
212 874 248 932 17
279 874 453 953 imperatori
478 874 538 933 iam
569 875 687 934 restitui
714 874 829 934 titulum
854 879 982 952 principi
1004 879 1175 952 parentique
1199 885 1295 933 nocuo
1326 873 1444 932 collatis

110 978 185 1037 actis
211 997 238 1037 a.
257 977 326 1036 139.

152 1081 190 1139 V.
208 1064 256 1138 2'1.
275 1077 314 1138 22
336 1078 442 1139 frames
463 1079 514 1155 qui
529 1079 687 1140 adfuerunt
702 1082 869 1140 accuratius
884 1081 1089 1140 innotescunt:
1111 1081 1143 1139 in
1157 1079 1357 1157 promagistro
1373 1087 1446 1137 nota

112 1183 257 1242 omissum
280 1200 348 1243 esse
370 1200 545 1260 cognomen.

152 1283 191 1342 V.
208 1282 246 1343 23
274 1285 331 1344 etsi
358 1284 478 1363 plenius
506 1303 584 1345 nuuc
606 1287 746 1362 leguntur
768 1288 888 1346 nomina
910 1288 1081 1359 consulum,
1107 1286 1251 1345 Aucidius
1274 1293 1304 1342 et
1326 1283 1443 1343 Gavius

111 1387 161 1463 qui
184 1386 294 1446 fuerint
314 1406 374 1446 non
396 1387 493 1463 magis
514 1397 640 1446 constat.
681 1386 797 1448 Gavius
818 1389 970 1448 Maximus
994 1388 1140 1447 Antonini
1162 1388 1211 1447 Pii
1232 1386 1325 1463 praef.
1349 1396 1443 1462 praet.

111 1486 224 1566 (Capit.
251 1490 325 1549 Ant.
352 1488 390 1549 P.
417 1489 474 1565 8),
504 1490 634 1566 equestri
662 1491 752 1568 igitur
780 1493 940 1550 etiamtunc
970 1491 1113 1568 dignitate
1140 1491 1293 1568 praeditus
1321 1490 1442 1547 omuino

111 1590 249 1652 diversus
275 1591 334 1651 fuit
359 1592 397 1650 ab
425 1593 482 1650 hoc
502 1593 625 1652 consule
646 1592 686 1652 M.
711 1591 817 1653 Gavio.
863 1592 1001 1672 Cogitavi
1028 1593 1064 1652 de
1089 1592 1130 1651 M.
1156 1591 1254 1651 Gavio
1276 1591 1313 1650 T.
1335 1591 1357 1649 f.
1375 1591 1442 1649 Vel.

110 1693 242 1770 Appalio
269 1693 403 1753 Maximo
432 1713 458 1753 c.
486 1715 514 1752 v.
545 1695 643 1755 sodali
670 1695 865 1767 Hadriauali‚
892 1696 992 1773 legato
1023 1695 1196 1773 provinciae
1224 1692 1443 1764 Narbonensis,

110 1805 270 1873 quaestore
294 1796 428 1873 Augusti
455 1796 584 1873 (Murat.
610 1796 682 1870 192,
708 1800 754 1874 l);
783 1799 837 1858 sed
863 1798 963 1857 obstat
991 1799 1095 1857 titulus
1122 1797 1282 1856 clarissimi
1309 1797 1367 1855 viri
1393 1797 1442 1855 Pii

110 1905 207 1957 aetate
228 1916 333 1976 parum
355 1899 494 1958 usitatus.
538 1900 580 1958 M.
604 1897 720 1960 Gavius
742 1900 820 1959 alius
844 1898 958 1960 Orfitus
980 1901 1077 1960 fasces
1098 1901 1192 1977 gessit
1213 1919 1239 1957 a.
1259 1900 1327 1959 165.

151 1999 191 2058 V.
208 2000 257 2059 24.
274 1999 313 2060 25
339 2000 458 2061 litterae
484 2018 559 2060 runs
584 2002 616 2059 iu
637 2003 695 2060 tine
717 2022 743 2061 v.
761 2002 800 2061 24
822 2012 958 2079 repertae
983 2003 1202 2063 restitutionem
1222 2002 1252 2058 in
1274 2001 1352 2060 libro
1374 2021 1442 2078 pro-

109 2103 240 2180 positam
268 2103 484 2163 immutandam
506 2121 575 2162 esse
597 2105 766 2164 ostendunt.
810 2103 929 2163 Nomen
951 2105 1142 2183 promagistri
1164 2105 1317 2180 desumpsi
1340 2123 1378 2162 ex
1402 2103 1440 2161 29

109 2206 223 2266 omisso
249 2206 427 2284 cognomine
451 2217 575 2285 propter
596 2208 765 2286 augustiam
787 2208 891 2284 spatii:
915 2207 952 2266 cf.
974 2228 1002 2266 v.
1020 2207 1068 2265 21.

151 2307 188 2368 V.
206 2306 246 2367 28
275 2304 312 2367 L.
335 2306 494 2368 Lollianus
518 2310 628 2369 Avitus
654 2329 730 2386 puer
755 2320 945 2387 potestesse
966 2309 1001 2368 L.
1024 2309 1140 2368 Hedius
1162 2309 1261 2368 Rufus
1283 2308 1441 2367 Lollianus

108 2409 219 2468 Avitus
241 2409 279 2484 is,
301 2411 354 2487 qui
375 2429 453 2470 anno
468 2410 527 2469 170
548 2413 626 2470 inter
647 2412 740 2472 salios
756 2412 912 2472 Palatinos
934 2420 1092 2490 cooptatus
1107 2420 1166 2471 est:
1190 2410 1227 2470 cf.
1242 2410 1352 2471 Marini
1369 2412 1439 2469 Ara.

110 2531 140 2589 p.
158 2511 217 2573 166
240 2519 271 2572 et
291 2512 439 2590 Borghesi
462 2533 579 2573 cruores
600 2514 620 2572 4
642 2535 671 2592 p.
688 2514 748 2573 510
762 2532 827 2592 sqq.

1181 2651 1229 2710 W.
1252 2650 1396 2711 Hruzmr.
