<?xml version="1.0" encoding="UTF-8"?>
<!DOCTYPE html PUBLIC "-//W3C//DTD XHTML 1.0 Transitional//EN"
    "http://www.w3.org/TR/xhtml1/DTD/xhtml1-transitional.dtd">
<html xmlns="http://www.w3.org/1999/xhtml" xml:lang="en" lang="en">
 <head>
  <title>
</title>
<meta http-equiv="Content-Type" content="text/html;charset=utf-8" />
  <meta name='ocr-system' content='tesseract 3.04.00' />
  <meta name='ocr-capabilities' content='ocr_page ocr_carea ocr_par ocr_line ocrx_word'/>
</head>
<body>
  <div class='ocr_page' id='page_1' title='image "./ephemerisepigra03instgoog/ephemerisepigra03instgoog_0152.png"; bbox 0 0 3458 6292; ppageno 0'>
   <div class='ocr_carea' id='block_1_1' title="bbox 656 498 1534 566">
    <p class='ocr_par' dir='ltr' id='par_1_1' title="bbox 656 498 1534 566">
     <span class='ocr_line' id='line_1_1' title="bbox 656 498 1534 566; baseline 0.006 -5"><span class='ocrx_word' id='word_1_1' title='bbox 656 512 731 561; x_wconf 81' lang='lat' dir='ltr'><strong>nux</strong></span> <span class='ocrx_word' id='word_1_2' title='bbox 749 511 830 561; x_wconf 82' lang='lat' dir='ltr'><strong>con.</strong></span> <span class='ocrx_word' id='word_1_3' title='bbox 852 512 1081 562; x_wconf 75' lang='lat' dir='ltr'><strong>oerumvau.</strong></span> <span class='ocrx_word' id='word_1_4' title='bbox 1467 498 1534 566; x_wconf 83' lang='lat'><strong>141</strong></span> 
     </span>
    </p>
   </div>
   <div class='ocr_carea' id='block_1_2' title="bbox 164 684 1538 4656">
    <p class='ocr_par' dir='ltr' id='par_1_2' title="bbox 164 684 1538 4656">
     <span class='ocr_line' id='line_1_2' title="bbox 197 684 1538 766; baseline 0.001 -21"><span class='ocrx_word' id='word_1_5' title='bbox 197 694 316 745; x_wconf 82' lang='lat' dir='ltr'><strong>ratores</strong></span> <span class='ocrx_word' id='word_1_6' title='bbox 341 684 524 763; x_wconf 86' lang='lat' dir='ltr'><strong>respiciunt,</strong></span> <span class='ocrx_word' id='word_1_7' title='bbox 549 704 647 761; x_wconf 90' lang='lat' dir='ltr'><strong>neque</strong></span> <span class='ocrx_word' id='word_1_8' title='bbox 669 692 795 762; x_wconf 91' lang='lat' dir='ltr'><strong>apparet</strong></span> <span class='ocrx_word' id='word_1_9' title='bbox 815 688 922 744; x_wconf 81' lang='lat' dir='ltr'><strong>iudices</strong></span> <span class='ocrx_word' id='word_1_10' title='bbox 944 685 990 743; x_wconf 91' lang='lat' dir='ltr'><strong>illi</strong></span> <span class='ocrx_word' id='word_1_11' title='bbox 1011 704 1071 761; x_wconf 90' lang='lat' dir='ltr'><strong>quo</strong></span> <span class='ocrx_word' id='word_1_12' title='bbox 1092 687 1276 764; x_wconf 88' lang='lat' dir='ltr'><strong>pertineant,</strong></span> <span class='ocrx_word' id='word_1_13' title='bbox 1302 697 1415 746; x_wconf 89' lang='lat' dir='ltr'><strong>utnon</strong></span> <span class='ocrx_word' id='word_1_14' title='bbox 1437 689 1538 766; x_wconf 90' lang='lat' dir='ltr'><strong>inepte</strong></span> 
     </span>
     <span class='ocr_line' id='line_1_3' title="bbox 197 786 1536 866; baseline 0.001 -19"><span class='ocrx_word' id='word_1_15' title='bbox 197 788 247 847; x_wconf 89' lang='lat' dir='ltr'><strong>hie</strong></span> <span class='ocrx_word' id='word_1_16' title='bbox 268 805 394 865; x_wconf 88' lang='lat' dir='ltr'><strong>quoquc</strong></span> <span class='ocrx_word' id='word_1_17' title='bbox 415 788 452 847; x_wconf 89' lang='lat' dir='ltr'><strong>dc</strong></span> <span class='ocrx_word' id='word_1_18' title='bbox 473 786 703 864; x_wconf 76' lang='lat' dir='ltr'><strong>interpolatione</strong></span> <span class='ocrx_word' id='word_1_19' title='bbox 724 788 850 865; x_wconf 88' lang='lat' dir='ltr'><strong>cogitari</strong></span> <span class='ocrx_word' id='word_1_20' title='bbox 871 787 983 864; x_wconf 90' lang='lat' dir='ltr'><strong>possit;</strong></span> <span class='ocrx_word' id='word_1_21' title='bbox 1005 796 1085 847; x_wconf 91' lang='lat' dir='ltr'><strong>certe</strong></span> <span class='ocrx_word' id='word_1_22' title='bbox 1102 790 1183 865; x_wconf 91' lang='lat' dir='ltr'><strong>quod</strong></span> <span class='ocrx_word' id='word_1_23' title='bbox 1197 799 1389 866; x_wconf 83' lang='lat' dir='ltr'>expectamus</span> <span class='ocrx_word' id='word_1_24' title='bbox 1404 793 1461 850; x_wconf 90' lang='lat' dir='ltr'><strong>hoc</strong></span> <span class='ocrx_word' id='word_1_25' title='bbox 1476 802 1536 851; x_wconf 86' lang='lat' dir='ltr'><strong>cst:</strong></span> 
     </span>
     <span class='ocr_line' id='line_1_4' title="bbox 196 892 1537 968; baseline 0.001 -17"><span class='ocrx_word' id='word_1_26' title='bbox 196 894 288 967; x_wconf 75' lang='lat' dir='ltr'><strong>gaeci</strong></span> <span class='ocrx_word' id='word_1_27' title='bbox 307 894 337 948; x_wconf 81' lang='lat' dir='ltr'><strong>ai</strong></span> <span class='ocrx_word' id='word_1_28' title='bbox 355 893 559 967; x_wconf 70' lang='lat' dir='ltr'><strong><em>reciperatores</em></strong></span> <span class='ocrx_word' id='word_1_29' title='bbox 580 893 611 949; x_wconf 85' lang='lat' dir='ltr'><strong>ia</strong></span> <span class='ocrx_word' id='word_1_30' title='bbox 633 909 695 948; x_wconf 79' lang='lat' dir='ltr'><strong>scor</strong></span> <span class='ocrx_word' id='word_1_31' title='bbox 715 909 773 948; x_wconf 81' lang='lat' dir='ltr'><strong>rem</strong></span> <span class='ocrx_word' id='word_1_32' title='bbox 796 893 858 950; x_wconf 83' lang='lat' dir='ltr'><strong>dati</strong></span> <span class='ocrx_word' id='word_1_33' title='bbox 878 910 934 949; x_wconf 86' lang='lat' dir='ltr'><strong>oca</strong></span> <span class='ocrx_word' id='word_1_34' title='bbox 956 901 1054 949; x_wconf 76' lang='lat' dir='ltr'><strong>eareat.</strong></span> <span class='ocrx_word' id='word_1_35' title='bbox 1088 892 1136 950; x_wconf 83' lang='lat' dir='ltr'><strong>Ad</strong></span> <span class='ocrx_word' id='word_1_36' title='bbox 1157 892 1201 950; x_wconf 90' lang='lat' dir='ltr'><strong>rei</strong></span> <span class='ocrx_word' id='word_1_37' title='bbox 1216 893 1350 968; x_wconf 86' lang='lat' dir='ltr'><strong>privatae</strong></span> <span class='ocrx_word' id='word_1_38' title='bbox 1364 893 1477 953; x_wconf 89' lang='lat' dir='ltr'><strong>iudicia</strong></span> <span class='ocrx_word' id='word_1_39' title='bbox 1490 915 1537 953; x_wconf 90' lang='lat' dir='ltr'><strong>rc-</strong></span> 
     </span>
     <span class='ocr_line' id='line_1_5' title="bbox 197 990 1537 1073; baseline 0.001 -20"><span class='ocrx_word' id='word_1_40' title='bbox 197 992 393 1072; x_wconf 83' lang='lat' dir='ltr'><strong>cuperatoris</strong></span> <span class='ocrx_word' id='word_1_41' title='bbox 413 992 573 1069; x_wconf 79' lang='lat' dir='ltr'><strong>quominus</strong></span> <span class='ocrx_word' id='word_1_42' title='bbox 591 991 662 1051; x_wconf 92' lang='lat' dir='ltr'><strong>item</strong></span> <span class='ocrx_word' id='word_1_43' title='bbox 676 993 830 1052; x_wconf 79' lang='lat' dir='ltr'><strong>trahamus</strong></span> <span class='ocrx_word' id='word_1_44' title='bbox 845 1012 924 1069; x_wconf 88' lang='lat' dir='ltr'><strong>quae</strong></span> <span class='ocrx_word' id='word_1_45' title='bbox 946 1011 971 1051; x_wconf 89' lang='lat' dir='ltr'><strong>c.</strong></span> <span class='ocrx_word' id='word_1_46' title='bbox 985 990 1074 1053; x_wconf 84' lang='lat' dir='ltr'><strong>XCV</strong></span> <span class='ocrx_word' id='word_1_47' title='bbox 1088 994 1236 1071; x_wconf 89' lang='lat' dir='ltr'><strong>leguntur,</strong></span> <span class='ocrx_word' id='word_1_48' title='bbox 1259 996 1360 1054; x_wconf 81' lang='lat' dir='ltr'><strong>obstat</strong></span> <span class='ocrx_word' id='word_1_49' title='bbox 1374 1016 1439 1054; x_wconf 88' lang='lat' dir='ltr'><strong>cum</strong></span> <span class='ocrx_word' id='word_1_50' title='bbox 1455 997 1537 1073; x_wconf 91' lang='lat' dir='ltr'><strong>quod</strong></span> 
     </span>
     <span class='ocr_line' id='line_1_6' title="bbox 198 1095 1538 1173; baseline 0.003 -18"><span class='ocrx_word' id='word_1_51' title='bbox 198 1096 239 1155; x_wconf 88' lang='lat' dir='ltr'><strong>ibi</strong></span> <span class='ocrx_word' id='word_1_52' title='bbox 266 1096 320 1156; x_wconf 86' lang='lat' dir='ltr'><strong>ubi</strong></span> <span class='ocrx_word' id='word_1_53' title='bbox 348 1095 448 1173; x_wconf 86' lang='lat' dir='ltr'><strong>agitur</strong></span> <span class='ocrx_word' id='word_1_54' title='bbox 469 1095 506 1154; x_wconf 92' lang='lat' dir='ltr'><strong>de</strong></span> <span class='ocrx_word' id='word_1_55' title='bbox 532 1095 710 1172; x_wconf 82' lang='lat' dir='ltr'><strong>magistratu</strong></span> <span class='ocrx_word' id='word_1_56' title='bbox 731 1103 850 1173; x_wconf 89' lang='lat' dir='ltr'><strong>petente</strong></span> <span class='ocrx_word' id='word_1_57' title='bbox 871 1095 1043 1155; x_wconf 87' lang='lat' dir='ltr'><strong>excusando</strong></span> <span class='ocrx_word' id='word_1_58' title='bbox 1066 1096 1194 1155; x_wconf 91' lang='lat' dir='ltr'><strong>adicitur</strong></span> <span class='ocrx_word' id='word_1_59' title='bbox 1215 1116 1283 1155; x_wconf 89' lang='lat' dir='ltr'><strong>eum</strong></span> <span class='ocrx_word' id='word_1_60' title='bbox 1305 1117 1337 1156; x_wconf 84' lang='lat' dir='ltr'><strong>ec</strong></span> <span class='ocrx_word' id='word_1_61' title='bbox 1358 1116 1390 1156; x_wconf 84' lang='lat' dir='ltr'><strong>re</strong></span> <span class='ocrx_word' id='word_1_62' title='bbox 1412 1100 1538 1159; x_wconf 81' lang='lat' dir='ltr'><strong>coloniae</strong></span> 
     </span>
     <span class='ocr_line' id='line_1_7' title="bbox 197 1196 1536 1277; baseline 0.001 -19"><span class='ocrx_word' id='word_1_63' title='bbox 197 1207 313 1277; x_wconf 81' lang='lat' dir='ltr'><strong>petere,</strong></span> <span class='ocrx_word' id='word_1_64' title='bbox 334 1206 401 1257; x_wconf 84' lang='lat' dir='ltr'><strong>tum</strong></span> <span class='ocrx_word' id='word_1_65' title='bbox 421 1198 554 1257; x_wconf 82' lang='lat' dir='ltr'><strong>maxime</strong></span> <span class='ocrx_word' id='word_1_66' title='bbox 580 1196 664 1273; x_wconf 90' lang='lat' dir='ltr'><strong>(nam</strong></span> <span class='ocrx_word' id='word_1_67' title='bbox 685 1198 741 1257; x_wconf 89' lang='lat' dir='ltr'><strong>hoc</strong></span> <span class='ocrx_word' id='word_1_68' title='bbox 762 1197 965 1257; x_wconf 90' lang='lat' dir='ltr'><strong>additamento</strong></span> <span class='ocrx_word' id='word_1_69' title='bbox 987 1198 1172 1277; x_wconf 86' lang='lat' dir='ltr'><strong>significatur</strong></span> <span class='ocrx_word' id='word_1_70' title='bbox 1193 1200 1312 1276; x_wconf 91' lang='lat' dir='ltr'><strong>quidem</strong></span> <span class='ocrx_word' id='word_1_71' title='bbox 1335 1200 1477 1259; x_wconf 89' lang='lat' dir='ltr'><strong>iudicium</strong></span> <span class='ocrx_word' id='word_1_72' title='bbox 1499 1202 1536 1260; x_wconf 90' lang='lat' dir='ltr'><strong>de</strong></span> 
     </span>
     <span class='ocr_line' id='line_1_8' title="bbox 198 1298 1535 1379; baseline 0.001 -18"><span class='ocrx_word' id='word_1_73' title='bbox 198 1320 231 1361; x_wconf 81' lang='lat' dir='ltr'><strong>rc</strong></span> <span class='ocrx_word' id='word_1_74' title='bbox 250 1300 377 1379; x_wconf 87' lang='lat' dir='ltr'><strong>publica</strong></span> <span class='ocrx_word' id='word_1_75' title='bbox 396 1308 581 1379; x_wconf 87' lang='lat' dir='ltr'><strong>susceptum,</strong></span> <span class='ocrx_word' id='word_1_76' title='bbox 602 1300 657 1359; x_wconf 87' lang='lat' dir='ltr'><strong>sed</strong></span> <span class='ocrx_word' id='word_1_77' title='bbox 676 1319 737 1359; x_wconf 91' lang='lat' dir='ltr'><strong>non</strong></span> <span class='ocrx_word' id='word_1_78' title='bbox 758 1298 927 1360; x_wconf 79' lang='lat' dir='ltr'><strong>excluditur</strong></span> <span class='ocrx_word' id='word_1_79' title='bbox 948 1303 1158 1379; x_wconf 90' lang='lat' dir='ltr'><strong>magistratum</strong></span> <span class='ocrx_word' id='word_1_80' title='bbox 1179 1302 1367 1379; x_wconf 77' lang='lat' dir='ltr'><strong>privatumvc</strong></span> <span class='ocrx_word' id='word_1_81' title='bbox 1389 1305 1479 1362; x_wconf 89' lang='lat' dir='ltr'><strong>etiam</strong></span> <span class='ocrx_word' id='word_1_82' title='bbox 1499 1304 1535 1362; x_wconf 90' lang='lat' dir='ltr'><strong>de</strong></span> 
     </span>
     <span class='ocr_line' id='line_1_9' title="bbox 200 1402 1536 1481; baseline 0.001 -18"><span class='ocrx_word' id='word_1_83' title='bbox 200 1421 255 1463; x_wconf 82' lang='lat' dir='ltr'><strong>ana</strong></span> <span class='ocrx_word' id='word_1_84' title='bbox 275 1421 310 1463; x_wconf 87' lang='lat' dir='ltr'><strong>re</strong></span> <span class='ocrx_word' id='word_1_85' title='bbox 332 1402 472 1463; x_wconf 89' lang='lat' dir='ltr'><strong>similiter</strong></span> <span class='ocrx_word' id='word_1_86' title='bbox 492 1402 574 1461; x_wconf 90' lang='lat' dir='ltr'><strong>litem</strong></span> <span class='ocrx_word' id='word_1_87' title='bbox 596 1403 760 1463; x_wconf 88' lang='lat' dir='ltr'><strong>contestari</strong></span> <span class='ocrx_word' id='word_1_88' title='bbox 782 1403 932 1481; x_wconf 89' lang='lat' dir='ltr'><strong>potuisse)</strong></span> <span class='ocrx_word' id='word_1_89' title='bbox 955 1404 1073 1462; x_wconf 89' lang='lat' dir='ltr'><strong>testium</strong></span> <span class='ocrx_word' id='word_1_90' title='bbox 1097 1405 1189 1475; x_wconf 90' lang='lat' dir='ltr'><strong>ratio,</strong></span> <span class='ocrx_word' id='word_1_91' title='bbox 1211 1422 1302 1480; x_wconf 89' lang='lat' dir='ltr'><strong>quam</strong></span> <span class='ocrx_word' id='word_1_92' title='bbox 1324 1406 1403 1464; x_wconf 87' lang='lat' dir='ltr'><strong>infra</strong></span> <span class='ocrx_word' id='word_1_93' title='bbox 1424 1406 1536 1465; x_wconf 88' lang='lat' dir='ltr'><strong>videbi·</strong></span> 
     </span>
     <span class='ocr_line' id='line_1_10' title="bbox 201 1504 1536 1585; baseline 0.001 -20"><span class='ocrx_word' id='word_1_94' title='bbox 201 1522 267 1565; x_wconf 87' lang='lat' dir='ltr'><strong>mus</strong></span> <span class='ocrx_word' id='word_1_95' title='bbox 294 1524 315 1563; x_wconf 85' lang='lat' dir='ltr'><strong>a</strong></span> <span class='ocrx_word' id='word_1_96' title='bbox 339 1504 467 1583; x_wconf 87' lang='lat' dir='ltr'><strong>priratis</strong></span> <span class='ocrx_word' id='word_1_97' title='bbox 493 1504 614 1565; x_wconf 88' lang='lat' dir='ltr'><strong>iudiciis</strong></span> <span class='ocrx_word' id='word_1_98' title='bbox 641 1504 769 1564; x_wconf 89' lang='lat' dir='ltr'><strong>alienam</strong></span> <span class='ocrx_word' id='word_1_99' title='bbox 791 1522 869 1565; x_wconf 90' lang='lat' dir='ltr'><strong>esse.</strong></span> <span class='ocrx_word' id='word_1_100' title='bbox 913 1505 1051 1582; x_wconf 87' lang='lat' dir='ltr'><strong>Denique</strong></span> <span class='ocrx_word' id='word_1_101' title='bbox 1073 1524 1133 1564; x_wconf 89' lang='lat' dir='ltr'><strong>non</strong></span> <span class='ocrx_word' id='word_1_102' title='bbox 1155 1506 1219 1564; x_wconf 89' lang='lat' dir='ltr'><strong>siue</strong></span> <span class='ocrx_word' id='word_1_103' title='bbox 1241 1524 1333 1566; x_wconf 88' lang='lat' dir='ltr'><strong>causa</strong></span> <span class='ocrx_word' id='word_1_104' title='bbox 1353 1507 1423 1567; x_wconf 88' lang='lat' dir='ltr'><strong>huic</strong></span> <span class='ocrx_word' id='word_1_105' title='bbox 1444 1510 1536 1585; x_wconf 88' lang='lat' dir='ltr'><strong>capiti</strong></span> 
     </span>
     <span class='ocr_line' id='line_1_11' title="bbox 203 1604 1536 1688; baseline 0.002 -21"><span class='ocrx_word' id='word_1_106' title='bbox 203 1607 395 1687; x_wconf 80' lang='lat' dir='ltr'><strong>subiungitur</strong></span> <span class='ocrx_word' id='word_1_107' title='bbox 415 1604 533 1679; x_wconf 78' lang='lat' dir='ltr'><strong>XCVI,</strong></span> <span class='ocrx_word' id='word_1_108' title='bbox 553 1626 614 1684; x_wconf 93' lang='lat' dir='ltr'><strong>quo</strong></span> <span class='ocrx_word' id='word_1_109' title='bbox 635 1607 741 1666; x_wconf 85' lang='lat' dir='ltr'><strong>duorir</strong></span> <span class='ocrx_word' id='word_1_110' title='bbox 761 1608 890 1680; x_wconf 90' lang='lat' dir='ltr'><strong>iubetur,</strong></span> <span class='ocrx_word' id='word_1_111' title='bbox 918 1608 943 1667; x_wconf 91' lang='lat' dir='ltr'><strong>si</strong></span> <span class='ocrx_word' id='word_1_112' title='bbox 966 1608 1012 1667; x_wconf 92' lang='lat' dir='ltr'><strong>cui</strong></span> <span class='ocrx_word' id='word_1_113' title='bbox 1035 1608 1186 1667; x_wconf 89' lang='lat' dir='ltr'><strong>decurioni</strong></span> <span class='ocrx_word' id='word_1_114' title='bbox 1208 1609 1244 1667; x_wconf 88' lang='lat' dir='ltr'><strong>de</strong></span> <span class='ocrx_word' id='word_1_115' title='bbox 1266 1610 1394 1685; x_wconf 88' lang='lat' dir='ltr'><strong>pecunia</strong></span> <span class='ocrx_word' id='word_1_116' title='bbox 1414 1612 1536 1688; x_wconf 87' lang='lat' dir='ltr'><strong>publica</strong></span> 
     </span>
     <span class='ocr_line' id='line_1_12' title="bbox 204 1709 1535 1787; baseline 0.002 -18"><span class='ocrx_word' id='word_1_117' title='bbox 204 1710 344 1771; x_wconf 73' lang='lat' dir='ltr'><strong>multisve</strong></span> <span class='ocrx_word' id='word_1_118' title='bbox 363 1709 509 1787; x_wconf 83' lang='lat' dir='ltr'><strong>poenisve</strong></span> <span class='ocrx_word' id='word_1_119' title='bbox 534 1710 642 1769; x_wconf 81' lang='lat' dir='ltr'><strong>locove</strong></span> <span class='ocrx_word' id='word_1_120' title='bbox 667 1710 786 1787; x_wconf 91' lang='lat' dir='ltr'><strong>publico</strong></span> <span class='ocrx_word' id='word_1_121' title='bbox 807 1711 944 1786; x_wconf 76' lang='lat' dir='ltr'><strong>quaestio</strong></span> <span class='ocrx_word' id='word_1_122' title='bbox 965 1710 1145 1773; x_wconf 74' lang='lat' dir='ltr'><strong>iudiciumne</strong></span> <span class='ocrx_word' id='word_1_123' title='bbox 1166 1711 1381 1770; x_wconf 90' lang='lat' dir='ltr'><strong>instituendum</strong></span> <span class='ocrx_word' id='word_1_124' title='bbox 1403 1730 1471 1772; x_wconf 90' lang='lat' dir='ltr'><strong>esse</strong></span> <span class='ocrx_word' id='word_1_125' title='bbox 1493 1714 1535 1771; x_wconf 91' lang='lat' dir='ltr'><strong>vi·</strong></span> 
     </span>
     <span class='ocr_line' id='line_1_13' title="bbox 207 1798 1534 1892; baseline 0.002 -19"><span class='ocrx_word' id='word_1_126' title='bbox 207 1812 315 1887; x_wconf 71' lang='lat' dir='ltr'><strong>dentur,</strong></span> <span class='ocrx_word' id='word_1_127' title='bbox 339 1812 377 1873; x_wconf 84' lang='lat' dir='ltr'><strong>da</strong></span> <span class='ocrx_word' id='word_1_128' title='bbox 403 1830 441 1871; x_wconf 88' lang='lat' dir='ltr'><strong>ea</strong></span> <span class='ocrx_word' id='word_1_129' title='bbox 463 1831 500 1871; x_wconf 88' lang='lat' dir='ltr'><strong>rc</strong></span> <span class='ocrx_word' id='word_1_130' title='bbox 524 1811 623 1890; x_wconf 84' lang='lat' dir='ltr'><strong>primo</strong></span> <span class='ocrx_word' id='word_1_131' title='bbox 649 1830 768 1889; x_wconf 88' lang='lat' dir='ltr'><strong>quoque</strong></span> <span class='ocrx_word' id='word_1_132' title='bbox 790 1811 899 1871; x_wconf 86' lang='lat' dir='ltr'><strong>dicad</strong></span> <span class='ocrx_word' id='word_1_133' title='bbox 921 1798 1097 1873; x_wconf 83' lang='lat' dir='ltr'><strong>decuriones</strong></span> <span class='ocrx_word' id='word_1_134' title='bbox 1119 1813 1237 1872; x_wconf 82' lang='lat' dir='ltr'><strong>referre.</strong></span> <span class='ocrx_word' id='word_1_135' title='bbox 1259 1845 1296 1856; x_wconf 91' lang='lat'><em>-</em></span> <span class='ocrx_word' id='word_1_136' title='bbox 1327 1814 1534 1892; x_wconf 81' lang='lat' dir='ltr'><strong>Magistratus,</strong></span> 
     </span>
     <span class='ocr_line' id='line_1_14' title="bbox 212 1914 1535 1993; baseline 0.004 -20"><span class='ocrx_word' id='word_1_137' title='bbox 212 1914 284 1993; x_wconf 81' lang='lat' dir='ltr'><strong>apud</strong></span> <span class='ocrx_word' id='word_1_138' title='bbox 307 1932 397 1993; x_wconf 84' lang='lat' dir='ltr'><strong>quam</strong></span> <span class='ocrx_word' id='word_1_139' title='bbox 421 1914 467 1973; x_wconf 84' lang='lat' dir='ltr'><strong>ita</strong></span> <span class='ocrx_word' id='word_1_140' title='bbox 492 1915 605 1993; x_wconf 84' lang='lat' dir='ltr'><strong>agitur,</strong></span> <span class='ocrx_word' id='word_1_141' title='bbox 631 1914 737 1974; x_wconf 86' lang='lat' dir='ltr'><strong>duovir</strong></span> <span class='ocrx_word' id='word_1_142' title='bbox 762 1925 809 1974; x_wconf 88' lang='lat' dir='ltr'><strong>est</strong></span> <span class='ocrx_word' id='word_1_143' title='bbox 829 1915 1037 1991; x_wconf 81' lang='lat' dir='ltr'><strong>praefectusve</strong></span> <span class='ocrx_word' id='word_1_144' title='bbox 1058 1915 1207 1987; x_wconf 90' lang='lat' dir='ltr'><strong>coloniae,</strong></span> <span class='ocrx_word' id='word_1_145' title='bbox 1235 1926 1267 1974; x_wconf 90' lang='lat' dir='ltr'><strong>ut</strong></span> <span class='ocrx_word' id='word_1_146' title='bbox 1288 1927 1335 1975; x_wconf 86' lang='lat' dir='ltr'><strong>est</strong></span> <span class='ocrx_word' id='word_1_147' title='bbox 1356 1924 1385 1975; x_wconf 91' lang='lat' dir='ltr'><strong>et</strong></span> <span class='ocrx_word' id='word_1_148' title='bbox 1406 1917 1535 1978; x_wconf 77' lang='lat' dir='ltr'><strong>cxcv</strong></span> 
     </span>
     <span class='ocr_line' id='line_1_15' title="bbox 216 2016 1533 2095; baseline 0.003 -20"><span class='ocrx_word' id='word_1_149' title='bbox 216 2016 287 2089; x_wconf 76' lang='grc'><strong>1,33</strong></span> <span class='ocrx_word' id='word_1_150' title='bbox 307 2026 340 2079; x_wconf 84' lang='lat' dir='ltr'><strong>et</strong></span> <span class='ocrx_word' id='word_1_151' title='bbox 357 2017 389 2075; x_wconf 86' lang='lat' dir='ltr'><strong>in</strong></span> <span class='ocrx_word' id='word_1_152' title='bbox 409 2016 488 2075; x_wconf 83' lang='lat' dir='ltr'><strong>locis</strong></span> <span class='ocrx_word' id='word_1_153' title='bbox 510 2034 603 2095; x_wconf 86' lang='lat' dir='ltr'><strong>supra</strong></span> <span class='ocrx_word' id='word_1_154' title='bbox 623 2017 786 2095; x_wconf 90' lang='lat' dir='ltr'><strong>propositis</strong></span> <span class='ocrx_word' id='word_1_155' title='bbox 807 2017 1005 2093; x_wconf 74' lang='lat' dir='ltr'><strong>interpolatio,</strong></span> <span class='ocrx_word' id='word_1_156' title='bbox 1026 2018 1085 2077; x_wconf 88' lang='lat' dir='ltr'><strong>nisi</strong></span> <span class='ocrx_word' id='word_1_157' title='bbox 1106 2018 1186 2094; x_wconf 91' lang='lat' dir='ltr'><strong>quod</strong></span> <span class='ocrx_word' id='word_1_158' title='bbox 1207 2019 1238 2077; x_wconf 93' lang='lat' dir='ltr'><strong>in</strong></span> <span class='ocrx_word' id='word_1_159' title='bbox 1257 2036 1316 2077; x_wconf 90' lang='lat' dir='ltr'><strong>uno</strong></span> <span class='ocrx_word' id='word_1_160' title='bbox 1331 2036 1432 2078; x_wconf 89' lang='lat' dir='ltr'><strong>eorum</strong></span> <span class='ocrx_word' id='word_1_161' title='bbox 1448 2021 1477 2093; x_wconf 80' lang='lat'><strong>7,</strong></span> <span class='ocrx_word' id='word_1_162' title='bbox 1494 2021 1533 2081; x_wconf 86' lang='lat'><strong>50</strong></span> 
     </span>
     <span class='ocr_line' id='line_1_16' title="bbox 221 2116 1534 2197; baseline 0.002 -18"><span class='ocrx_word' id='word_1_163' title='bbox 221 2118 320 2179; x_wconf 73' lang='lat' dir='ltr'><strong>wtedit</strong></span> <span class='ocrx_word' id='word_1_164' title='bbox 341 2119 483 2179; x_wconf 83' lang='lat' dir='ltr'><strong>interrex.</strong></span> <span class='ocrx_word' id='word_1_165' title='bbox 528 2116 672 2179; x_wconf 89' lang='lat' dir='ltr'><strong>Similiter</strong></span> <span class='ocrx_word' id='word_1_166' title='bbox 693 2120 725 2178; x_wconf 92' lang='lat' dir='ltr'><strong>in</strong></span> <span class='ocrx_word' id='word_1_167' title='bbox 746 2120 812 2197; x_wconf 88' lang='lat' dir='ltr'><strong>lege</strong></span> <span class='ocrx_word' id='word_1_168' title='bbox 835 2118 976 2179; x_wconf 89' lang='lat' dir='ltr'><strong>Caesaris</strong></span> <span class='ocrx_word' id='word_1_169' title='bbox 998 2120 1117 2197; x_wconf 84' lang='lat' dir='ltr'><strong>agraria</strong></span> <span class='ocrx_word' id='word_1_170' title='bbox 1138 2122 1202 2179; x_wconf 87' lang='lat' dir='ltr'><strong>sive</strong></span> <span class='ocrx_word' id='word_1_171' title='bbox 1223 2120 1357 2180; x_wconf 88' lang='lat' dir='ltr'><strong>Mamilia</strong></span> <span class='ocrx_word' id='word_1_172' title='bbox 1378 2141 1402 2180; x_wconf 91' lang='lat' dir='ltr'><strong>c.</strong></span> <span class='ocrx_word' id='word_1_173' title='bbox 1417 2120 1475 2182; x_wconf 92' lang='lat' dir='ltr'><strong>LV</strong></span> <span class='ocrx_word' id='word_1_174' title='bbox 1497 2123 1534 2182; x_wconf 90' lang='lat' dir='ltr'><strong>dc</strong></span> 
     </span>
     <span class='ocr_line' id='line_1_17' title="bbox 222 2220 1533 2299; baseline 0.003 -20"><span class='ocrx_word' id='word_1_175' title='bbox 222 2220 312 2281; x_wconf 81' lang='lat' dir='ltr'><strong>indicio</strong></span> <span class='ocrx_word' id='word_1_176' title='bbox 331 2221 502 2281; x_wconf 85' lang='lat' dir='ltr'><strong>sestertium</strong></span> <span class='ocrx_word' id='word_1_177' title='bbox 516 2220 546 2278; x_wconf 87' lang='lat' dir='ltr'>V</span> <span class='ocrx_word' id='word_1_178' title='bbox 560 2221 675 2281; x_wconf 92' lang='lat' dir='ltr'><strong>milium</strong></span> <span class='ocrx_word' id='word_1_179' title='bbox 696 2222 727 2280; x_wconf 90' lang='lat' dir='ltr'><strong>in</strong></span> <span class='ocrx_word' id='word_1_180' title='bbox 749 2222 900 2297; x_wconf 88' lang='lat' dir='ltr'><strong>publicum</strong></span> <span class='ocrx_word' id='word_1_181' title='bbox 922 2222 1057 2282; x_wconf 87' lang='lat' dir='ltr'><strong>coloniae</strong></span> <span class='ocrx_word' id='word_1_182' title='bbox 1079 2223 1270 2299; x_wconf 88' lang='lat' dir='ltr'><strong>municipiive</strong></span> <span class='ocrx_word' id='word_1_183' title='bbox 1292 2232 1414 2299; x_wconf 89' lang='lat' dir='ltr'><strong>propter</strong></span> <span class='ocrx_word' id='word_1_184' title='bbox 1432 2226 1533 2283; x_wconf 91' lang='lat' dir='ltr'><strong>termi-</strong></span> 
     </span>
     <span class='ocr_line' id='line_1_18' title="bbox 226 2324 1533 2404; baseline 0.003 -21"><span class='ocrx_word' id='word_1_185' title='bbox 226 2340 280 2383; x_wconf 83' lang='lat' dir='ltr'><strong>num</strong></span> <span class='ocrx_word' id='word_1_186' title='bbox 296 2324 418 2385; x_wconf 77' lang='lat' dir='ltr'><strong>eiectum</strong></span> <span class='ocrx_word' id='word_1_187' title='bbox 443 2324 666 2383; x_wconf 79' lang='lat' dir='ltr'><strong>inserendorum</strong></span> <span class='ocrx_word' id='word_1_188' title='bbox 692 2334 812 2383; x_wconf 90' lang='lat' dir='ltr'><strong>cautum</strong></span> <span class='ocrx_word' id='word_1_189' title='bbox 840 2332 887 2382; x_wconf 87' lang='lat' dir='ltr'><strong>est</strong></span> <span class='ocrx_word' id='word_1_190' title='bbox 912 2326 969 2383; x_wconf 90' lang='lat' dir='ltr'><strong>sic:</strong></span> <span class='ocrx_word' id='word_1_191' title='bbox 998 2327 1033 2383; x_wconf 84' lang='lat' dir='ltr'><strong>de</strong></span> <span class='ocrx_word' id='word_1_192' title='bbox 1053 2344 1088 2383; x_wconf 83' lang='lat' dir='ltr'><strong>co</strong></span> <span class='ocrx_word' id='word_1_193' title='bbox 1108 2343 1140 2384; x_wconf 88' lang='lat' dir='ltr'><strong>rc</strong></span> <span class='ocrx_word' id='word_1_194' title='bbox 1161 2330 1302 2384; x_wconf 78' lang='lat' dir='ltr'><strong>curatoria</strong></span> <span class='ocrx_word' id='word_1_195' title='bbox 1323 2329 1374 2402; x_wconf 84' lang='lat' dir='ltr'><strong>qui</strong></span> <span class='ocrx_word' id='word_1_196' title='bbox 1394 2327 1449 2386; x_wconf 79' lang='lat' dir='ltr'><strong>boc</strong></span> <span class='ocrx_word' id='word_1_197' title='bbox 1473 2329 1533 2404; x_wconf 76' lang='lat' dir='ltr'><strong>ispe</strong></span> 
     </span>
     <span class='ocr_line' id='line_1_19' title="bbox 198 2425 1532 2505; baseline 0.002 -20"><span class='ocrx_word' id='word_1_198' title='bbox 198 2438 201 2451; x_wconf 84' lang='lat'><strong>¹</strong></span> <span class='ocrx_word' id='word_1_199' title='bbox 231 2430 270 2485; x_wconf 84' lang='lat' dir='ltr'><strong>ta&#39;t</strong></span> <span class='ocrx_word' id='word_1_200' title='bbox 285 2426 512 2505; x_wconf 82' lang='lat' dir='ltr'><strong>(intelleguntur</strong></span> <span class='ocrx_word' id='word_1_201' title='bbox 533 2425 639 2485; x_wconf 87' lang='lat' dir='ltr'><strong>lIlviri</strong></span> <span class='ocrx_word' id='word_1_202' title='bbox 660 2426 796 2485; x_wconf 92' lang='lat' dir='ltr'><strong>coloniae</strong></span> <span class='ocrx_word' id='word_1_203' title='bbox 818 2426 1007 2486; x_wconf 86' lang='lat' dir='ltr'><strong>deducendae</strong></span> <span class='ocrx_word' id='word_1_204' title='bbox 1029 2427 1201 2503; x_wconf 88' lang='lat' dir='ltr'><strong>similesque</strong></span> <span class='ocrx_word' id='word_1_205' title='bbox 1223 2428 1431 2505; x_wconf 85' lang='lat' dir='ltr'><strong>magistratus)</strong></span> <span class='ocrx_word' id='word_1_206' title='bbox 1458 2432 1532 2488; x_wconf 81' lang='lat' dir='ltr'><strong>iuris</strong></span> 
     </span>
     <span class='ocr_line' id='line_1_20' title="bbox 233 2528 1532 2607; baseline 0.002 -20"><span class='ocrx_word' id='word_1_207' title='bbox 233 2528 293 2587; x_wconf 74' lang='lat' dir='ltr'><strong>liclia</strong></span> <span class='ocrx_word' id='word_1_208' title='bbox 309 2532 584 2607; x_wconf 68' lang='lat' dir='ltr'><strong>mipnatomrsprts</strong></span> <span class='ocrx_word' id='word_1_209' title='bbox 603 2530 683 2587; x_wconf 83' lang='lat' dir='ltr'><strong>datio</strong></span> <span class='ocrx_word' id='word_1_210' title='bbox 704 2530 829 2587; x_wconf 81' lang='lat' dir='ltr'><strong>addictio</strong></span> <span class='ocrx_word' id='word_1_211' title='bbox 852 2538 919 2588; x_wconf 84' lang='lat' dir='ltr'><strong>esto.</strong></span> <span class='ocrx_word' id='word_1_212' title='bbox 953 2548 1016 2588; x_wconf 80' lang='lat' dir='ltr'><strong>cara</strong></span> <span class='ocrx_word' id='word_1_213' title='bbox 1036 2541 1153 2590; x_wconf 80' lang='lat' dir='ltr'><strong>curator</strong></span> <span class='ocrx_word' id='word_1_214' title='bbox 1174 2531 1227 2588; x_wconf 80' lang='lat' dir='ltr'><strong>bac</strong></span> <span class='ocrx_word' id='word_1_215' title='bbox 1243 2530 1302 2606; x_wconf 77' lang='lat' dir='ltr'><strong>lepe</strong></span> <span class='ocrx_word' id='word_1_216' title='bbox 1315 2550 1373 2588; x_wconf 83' lang='lat' dir='ltr'><strong>noo</strong></span> <span class='ocrx_word' id='word_1_217' title='bbox 1387 2534 1450 2602; x_wconf 85' lang='lat' dir='ltr'><strong>erit,</strong></span> <span class='ocrx_word' id='word_1_218' title='bbox 1475 2540 1532 2589; x_wconf 81' lang='lat' dir='ltr'><strong>tem</strong></span> 
     </span>
     <span class='ocr_line' id='line_1_21' title="bbox 234 2632 1531 2709; baseline -0.002 -17"><span class='ocrx_word' id='word_1_219' title='bbox 234 2634 366 2709; x_wconf 59' lang='lat' dir='ltr'><strong>pampas</strong></span> <span class='ocrx_word' id='word_1_220' title='bbox 389 2635 577 2709; x_wconf 78' lang='lat' dir='ltr'><strong>magistratus</strong></span> <span class='ocrx_word' id='word_1_221' title='bbox 603 2634 635 2689; x_wconf 79' lang='lat' dir='ltr'><strong>ia</strong></span> <span class='ocrx_word' id='word_1_222' title='bbox 661 2651 695 2690; x_wconf 85' lang='lat' dir='ltr'><strong>ea</strong></span> <span class='ocrx_word' id='word_1_223' title='bbox 720 2632 833 2689; x_wconf 82' lang='lat' dir='ltr'><strong>colonio</strong></span> <span class='ocrx_word' id='word_1_224' title='bbox 860 2635 1014 2708; x_wconf 79' lang='lat' dir='ltr'><strong>oceoicipio</strong></span> <span class='ocrx_word' id='word_1_225' title='bbox 1040 2635 1226 2708; x_wconf 81' lang='lat' dir='ltr'><strong>praefectura</strong></span> <span class='ocrx_word' id='word_1_226' title='bbox 1245 2636 1314 2709; x_wconf 79' lang='lat' dir='ltr'><strong>foro</strong></span> <span class='ocrx_word' id='word_1_227' title='bbox 1343 2633 1531 2692; x_wconf 82' lang='lat' dir='ltr'><strong>conciliabulo</strong></span> 
     </span>
     <span class='ocr_line' id='line_1_22' title="bbox 236 2734 1531 2813; baseline 0.002 -22"><span class='ocrx_word' id='word_1_228' title='bbox 236 2734 278 2791; x_wconf 72' lang='lat' dir='ltr'><strong>tm</strong></span> <span class='ocrx_word' id='word_1_229' title='bbox 294 2734 409 2795; x_wconf 60' lang='lat' dir='ltr'><strong>&amp;nodo</strong></span> <span class='ocrx_word' id='word_1_230' title='bbox 430 2736 575 2813; x_wconf 78' lang='lat' dir='ltr'><strong>procerit,</strong></span> <span class='ocrx_word' id='word_1_231' title='bbox 602 2736 663 2793; x_wconf 81' lang='lat' dir='ltr'><strong>eiua</strong></span> <span class='ocrx_word' id='word_1_232' title='bbox 688 2737 874 2813; x_wconf 70' lang='lat' dir='ltr'><strong>magistratus</strong></span> <span class='ocrx_word' id='word_1_233' title='bbox 901 2736 936 2792; x_wconf 84' lang='lat' dir='ltr'><strong>de</strong></span> <span class='ocrx_word' id='word_1_234' title='bbox 962 2752 996 2792; x_wconf 83' lang='lat' dir='ltr'><strong>eo</strong></span> <span class='ocrx_word' id='word_1_235' title='bbox 1018 2753 1048 2791; x_wconf 85' lang='lat' dir='ltr'><strong>rc</strong></span> <span class='ocrx_word' id='word_1_236' title='bbox 1068 2736 1142 2792; x_wconf 79' lang='lat' dir='ltr'><strong>iaris</strong></span> <span class='ocrx_word' id='word_1_237' title='bbox 1164 2737 1248 2793; x_wconf 84' lang='lat' dir='ltr'><strong>dictio</strong></span> <span class='ocrx_word' id='word_1_238' title='bbox 1270 2735 1430 2810; x_wconf 78' lang='lat' dir='ltr'><strong>iudiciaque</strong></span> <span class='ocrx_word' id='word_1_239' title='bbox 1452 2738 1531 2793; x_wconf 84' lang='lat' dir='ltr'><strong>datio</strong></span> 
     </span>
     <span class='ocr_line' id='line_1_23' title="bbox 237 2834 1531 2913; baseline 0 -16"><span class='ocrx_word' id='word_1_240' title='bbox 237 2834 327 2897; x_wconf 55' lang='lat' dir='ltr'><strong>&amp;aa</strong></span> <span class='ocrx_word' id='word_1_241' title='bbox 345 2846 414 2897; x_wconf 80' lang='lat' dir='ltr'><strong>esto.</strong></span> <span class='ocrx_word' id='word_1_242' title='bbox 457 2836 593 2896; x_wconf 89' lang='lat' dir='ltr'><strong>Iudicem</strong></span> <span class='ocrx_word' id='word_1_243' title='bbox 618 2836 700 2911; x_wconf 91' lang='lat' dir='ltr'><strong>quod</strong></span> <span class='ocrx_word' id='word_1_244' title='bbox 722 2835 793 2893; x_wconf 88' lang='lat' dir='ltr'><strong>dare</strong></span> <span class='ocrx_word' id='word_1_245' title='bbox 815 2836 932 2895; x_wconf 90' lang='lat' dir='ltr'><strong>iubetur</strong></span> <span class='ocrx_word' id='word_1_246' title='bbox 954 2835 1161 2913; x_wconf 82' lang='lat' dir='ltr'><strong>magistratus,</strong></span> <span class='ocrx_word' id='word_1_247' title='bbox 1190 2856 1226 2896; x_wconf 91' lang='lat' dir='ltr'><strong>eo</strong></span> <span class='ocrx_word' id='word_1_248' title='bbox 1249 2854 1308 2895; x_wconf 92' lang='lat' dir='ltr'><strong>non</strong></span> <span class='ocrx_word' id='word_1_249' title='bbox 1331 2837 1531 2897; x_wconf 87' lang='lat' dir='ltr'><strong>excluduntur</strong></span> 
     </span>
     <span class='ocr_line' id='line_1_24' title="bbox 238 2920 1529 3018; baseline 0.002 -23"><span class='ocrx_word' id='word_1_250' title='bbox 238 2948 441 3015; x_wconf 80' lang='lat' dir='ltr'><strong>recuperatores,</strong></span> <span class='ocrx_word' id='word_1_251' title='bbox 471 2938 526 2997; x_wconf 88' lang='lat' dir='ltr'><strong>sed</strong></span> <span class='ocrx_word' id='word_1_252' title='bbox 557 2938 691 3017; x_wconf 89' lang='lat' dir='ltr'><strong>generali</strong></span> <span class='ocrx_word' id='word_1_253' title='bbox 719 2938 867 2997; x_wconf 84' lang='lat' dir='ltr'><strong>vocabulo</strong></span> <span class='ocrx_word' id='word_1_254' title='bbox 895 2938 944 2996; x_wconf 90' lang='lat' dir='ltr'><strong>lex</strong></span> <span class='ocrx_word' id='word_1_255' title='bbox 972 2920 1029 2997; x_wconf 82' lang='lat' dir='ltr'><strong>boc</strong></span> <span class='ocrx_word' id='word_1_256' title='bbox 1056 2937 1123 3008; x_wconf 87' lang='lat' dir='ltr'><strong>loco</strong></span> <span class='ocrx_word' id='word_1_257' title='bbox 1152 2939 1247 2997; x_wconf 89' lang='lat' dir='ltr'><strong>utitur</strong></span> <span class='ocrx_word' id='word_1_258' title='bbox 1278 2939 1378 3018; x_wconf 85' lang='lat' dir='ltr'><strong>legum</strong></span> <span class='ocrx_word' id='word_1_259' title='bbox 1406 2939 1443 2998; x_wconf 90' lang='lat' dir='ltr'><strong>de</strong></span> <span class='ocrx_word' id='word_1_260' title='bbox 1470 2942 1529 3000; x_wconf 90' lang='lat' dir='ltr'><strong>sin·</strong></span> 
     </span>
     <span class='ocr_line' id='line_1_25' title="bbox 239 3036 1530 3118; baseline 0 -17"><span class='ocrx_word' id='word_1_261' title='bbox 239 3036 291 3113; x_wconf 70' lang='lat' dir='ltr'><strong>ptr</strong></span> <span class='ocrx_word' id='word_1_262' title='bbox 310 3040 435 3101; x_wconf 85' lang='lat' dir='ltr'><strong>coloniis</strong></span> <span class='ocrx_word' id='word_1_263' title='bbox 455 3047 562 3118; x_wconf 88' lang='lat' dir='ltr'><strong>postea</strong></span> <span class='ocrx_word' id='word_1_264' title='bbox 582 3039 748 3099; x_wconf 90' lang='lat' dir='ltr'><strong>dandarum</strong></span> <span class='ocrx_word' id='word_1_265' title='bbox 774 3040 950 3099; x_wconf 92' lang='lat' dir='ltr'><strong>iudiciorum</strong></span> <span class='ocrx_word' id='word_1_266' title='bbox 977 3040 1182 3100; x_wconf 87' lang='lat' dir='ltr'><strong>ordinationes</strong></span> <span class='ocrx_word' id='word_1_267' title='bbox 1208 3060 1311 3100; x_wconf 91' lang='lat' dir='ltr'><strong>omnes</strong></span> <span class='ocrx_word' id='word_1_268' title='bbox 1336 3042 1425 3100; x_wconf 87' lang='lat' dir='ltr'><strong>simul</strong></span> <span class='ocrx_word' id='word_1_269' title='bbox 1450 3061 1530 3102; x_wconf 93' lang='lat' dir='ltr'><strong>com-</strong></span> 
     </span>
     <span class='ocr_line' id='line_1_26' title="bbox 238 3126 1529 3220; baseline 0.001 -17"><span class='ocrx_word' id='word_1_270' title='bbox 238 3126 343 3215; x_wconf 80' lang='lat' dir='ltr'><strong>ltitttcnt.</strong></span> <span class='ocrx_word' id='word_1_271' title='bbox 364 3174 403 3187; x_wconf 93' lang='lat'>-</span> <span class='ocrx_word' id='word_1_272' title='bbox 430 3142 670 3220; x_wconf 84' lang='lat' dir='ltr'><strong>Recuperatores</strong></span> <span class='ocrx_word' id='word_1_273' title='bbox 695 3143 739 3201; x_wconf 91' lang='lat' dir='ltr'><strong>ita</strong></span> <span class='ocrx_word' id='word_1_274' title='bbox 766 3142 887 3216; x_wconf 89' lang='lat' dir='ltr'><strong>dautur,</strong></span> <span class='ocrx_word' id='word_1_275' title='bbox 914 3152 948 3201; x_wconf 91' lang='lat' dir='ltr'><strong>ut</strong></span> <span class='ocrx_word' id='word_1_276' title='bbox 969 3151 1050 3201; x_wconf 88' lang='lat' dir='ltr'><strong>certo</strong></span> <span class='ocrx_word' id='word_1_277' title='bbox 1072 3143 1120 3201; x_wconf 90' lang='lat' dir='ltr'><strong>die</strong></span> <span class='ocrx_word' id='word_1_278' title='bbox 1142 3143 1272 3202; x_wconf 88' lang='lat' dir='ltr'><strong>iudicare</strong></span> <span class='ocrx_word' id='word_1_279' title='bbox 1294 3144 1464 3218; x_wconf 89' lang='lat' dir='ltr'><strong>iubeantur,</strong></span> <span class='ocrx_word' id='word_1_280' title='bbox 1494 3164 1529 3204; x_wconf 94' lang='lat' dir='ltr'><strong>eo</strong></span> 
     </span>
     <span class='ocr_line' id='line_1_27' title="bbox 239 3238 1530 3323; baseline 0.001 -18"><span class='ocrx_word' id='word_1_281' title='bbox 239 3238 270 3299; x_wconf 74' lang='lat' dir='ltr'><strong>iit</strong></span> <span class='ocrx_word' id='word_1_282' title='bbox 282 3244 305 3305; x_wconf 86' lang='lat' dir='ltr'><strong>ti</strong></span> <span class='ocrx_word' id='word_1_283' title='bbox 319 3264 378 3307; x_wconf 91' lang='lat' dir='ltr'><strong>non</strong></span> <span class='ocrx_word' id='word_1_284' title='bbox 397 3244 568 3320; x_wconf 85' lang='lat' dir='ltr'><strong>indicarint,</strong></span> <span class='ocrx_word' id='word_1_285' title='bbox 589 3246 641 3323; x_wconf 89' lang='lat' dir='ltr'><strong>qui</strong></span> <span class='ocrx_word' id='word_1_286' title='bbox 664 3244 746 3305; x_wconf 89' lang='lat' dir='ltr'><strong>dedit</strong></span> <span class='ocrx_word' id='word_1_287' title='bbox 767 3245 860 3305; x_wconf 91' lang='lat' dir='ltr'><strong>alium</strong></span> <span class='ocrx_word' id='word_1_288' title='bbox 882 3245 961 3303; x_wconf 88' lang='lat' dir='ltr'><strong>diem</strong></span> <span class='ocrx_word' id='word_1_289' title='bbox 983 3246 1021 3303; x_wconf 91' lang='lat' dir='ltr'><strong>iis</strong></span> <span class='ocrx_word' id='word_1_290' title='bbox 1043 3244 1210 3323; x_wconf 88' lang='lat' dir='ltr'><strong>praefiniat,</strong></span> <span class='ocrx_word' id='word_1_291' title='bbox 1232 3253 1295 3304; x_wconf 89' lang='lat' dir='ltr'><strong>tota</strong></span> <span class='ocrx_word' id='word_1_292' title='bbox 1318 3255 1417 3306; x_wconf 89' lang='lat' dir='ltr'><strong>tamen</strong></span> <span class='ocrx_word' id='word_1_293' title='bbox 1439 3266 1530 3306; x_wconf 89' lang='lat' dir='ltr'><strong>causa</strong></span> 
     </span>
     <span class='ocr_line' id='line_1_28' title="bbox 238 3345 1530 3423; baseline 0 -14"><span class='ocrx_word' id='word_1_294' title='bbox 238 3345 322 3409; x_wconf 63' lang='lat' dir='ltr'><strong>mnino</strong></span> <span class='ocrx_word' id='word_1_295' title='bbox 343 3348 426 3409; x_wconf 76' lang='lat' dir='ltr'><strong>intre</strong></span> <span class='ocrx_word' id='word_1_296' title='bbox 445 3348 619 3409; x_wconf 84' lang='lat' dir='ltr'><strong>vicesimum</strong></span> <span class='ocrx_word' id='word_1_297' title='bbox 646 3347 724 3407; x_wconf 89' lang='lat' dir='ltr'><strong>diem</strong></span> <span class='ocrx_word' id='word_1_298' title='bbox 750 3349 934 3407; x_wconf 87' lang='lat' dir='ltr'><strong>terminetur.</strong></span> <span class='ocrx_word' id='word_1_299' title='bbox 979 3346 1066 3422; x_wconf 80' lang='lat' dir='ltr'><strong>Quae</strong></span> <span class='ocrx_word' id='word_1_300' title='bbox 1091 3367 1171 3407; x_wconf 88' lang='lat' dir='ltr'><strong>nova</strong></span> <span class='ocrx_word' id='word_1_301' title='bbox 1197 3359 1267 3408; x_wconf 90' lang='lat' dir='ltr'><strong>sunt</strong></span> <span class='ocrx_word' id='word_1_302' title='bbox 1291 3350 1404 3423; x_wconf 82' lang='lat' dir='ltr'><strong>omnia3</strong></span> <span class='ocrx_word' id='word_1_303' title='bbox 1432 3351 1530 3410; x_wconf 90' lang='lat' dir='ltr'><strong>adhuc</strong></span> 
     </span>
     <span class='ocr_line' id='line_1_29' title="bbox 238 3444 1528 3531; baseline 0.002 -23"><span class='ocrx_word' id='word_1_304' title='bbox 238 3444 291 3508; x_wconf 67' lang='lat' dir='ltr'><strong>uin</strong></span> <span class='ocrx_word' id='word_1_305' title='bbox 304 3450 355 3511; x_wconf 85' lang='lat' dir='ltr'><strong>boc</strong></span> <span class='ocrx_word' id='word_1_306' title='bbox 373 3456 490 3513; x_wconf 73' lang='lat' dir='ltr'><strong>uncum</strong></span> <span class='ocrx_word' id='word_1_307' title='bbox 512 3452 670 3511; x_wconf 85' lang='lat' dir='ltr'><strong>constabat</strong></span> <span class='ocrx_word' id='word_1_308' title='bbox 689 3451 833 3511; x_wconf 88' lang='lat' dir='ltr'><strong>iudicium</strong></span> <span class='ocrx_word' id='word_1_309' title='bbox 850 3452 999 3527; x_wconf 88' lang='lat' dir='ltr'><strong>privatum</strong></span> <span class='ocrx_word' id='word_1_310' title='bbox 1014 3470 1069 3527; x_wconf 89' lang='lat' dir='ltr'><strong>per</strong></span> <span class='ocrx_word' id='word_1_311' title='bbox 1082 3459 1306 3529; x_wconf 85' lang='lat' dir='ltr'><strong>recuperatores</strong></span> <span class='ocrx_word' id='word_1_312' title='bbox 1322 3452 1448 3512; x_wconf 90' lang='lat' dir='ltr'><strong>celerius</strong></span> <span class='ocrx_word' id='word_1_313' title='bbox 1463 3474 1528 3531; x_wconf 89' lang='lat' dir='ltr'><strong>per·</strong></span> 
     </span>
     <span class='ocr_line' id='line_1_30' title="bbox 237 3544 1529 3631; baseline 0.001 -18"><span class='ocrx_word' id='word_1_314' title='bbox 237 3544 313 3613; x_wconf 71' lang='lat' dir='ltr'><strong>ittam</strong></span> <span class='ocrx_word' id='word_1_315' title='bbox 330 3570 397 3615; x_wconf 85' lang='lat' dir='ltr'><strong>esse</strong></span> <span class='ocrx_word' id='word_1_316' title='bbox 417 3572 510 3631; x_wconf 88' lang='lat' dir='ltr'><strong>quam</strong></span> <span class='ocrx_word' id='word_1_317' title='bbox 530 3572 584 3631; x_wconf 90' lang='lat' dir='ltr'><strong>per</strong></span> <span class='ocrx_word' id='word_1_318' title='bbox 605 3572 698 3613; x_wconf 91' lang='lat' dir='ltr'><strong>unum</strong></span> <span class='ocrx_word' id='word_1_319' title='bbox 719 3552 898 3631; x_wconf 82' lang='lat' dir='ltr'><strong>iudicem1).</strong></span> <span class='ocrx_word' id='word_1_320' title='bbox 941 3552 1196 3629; x_wconf 87' lang='lat' dir='ltr'><strong>Recuperatorum</strong></span> <span class='ocrx_word' id='word_1_321' title='bbox 1218 3554 1335 3613; x_wconf 87' lang='lat' dir='ltr'><strong>sortitio</strong></span> <span class='ocrx_word' id='word_1_322' title='bbox 1357 3562 1387 3613; x_wconf 91' lang='lat' dir='ltr'><strong>et</strong></span> <span class='ocrx_word' id='word_1_323' title='bbox 1406 3556 1529 3614; x_wconf 86' lang='lat' dir='ltr'><strong>reiectio</strong></span> 
     </span>
     <span class='ocr_line' id='line_1_31' title="bbox 238 3654 1529 3734; baseline -0.001 -17"><span class='ocrx_word' id='word_1_324' title='bbox 238 3664 469 3717; x_wconf 66' lang='lat' dir='ltr'><strong>memorantur</strong></span> <span class='ocrx_word' id='word_1_325' title='bbox 489 3654 519 3729; x_wconf 71' lang='lat'><strong>2,</strong></span> <span class='ocrx_word' id='word_1_326' title='bbox 535 3654 585 3729; x_wconf 77' lang='lat' dir='ltr'><strong>tt,</strong></span> <span class='ocrx_word' id='word_1_327' title='bbox 608 3656 777 3716; x_wconf 90' lang='lat' dir='ltr'><strong>accuratius</strong></span> <span class='ocrx_word' id='word_1_328' title='bbox 800 3666 900 3715; x_wconf 88' lang='lat' dir='ltr'><strong>autem</strong></span> <span class='ocrx_word' id='word_1_329' title='bbox 921 3674 982 3715; x_wconf 91' lang='lat' dir='ltr'><strong>non</strong></span> <span class='ocrx_word' id='word_1_330' title='bbox 1004 3656 1194 3715; x_wconf 86' lang='lat' dir='ltr'><strong>definiuntur.</strong></span> <span class='ocrx_word' id='word_1_331' title='bbox 1209 3689 1250 3699; x_wconf 97' lang='lat'><em>-</em></span> <span class='ocrx_word' id='word_1_332' title='bbox 1272 3657 1346 3734; x_wconf 86' lang='lat' dir='ltr'><strong>ipsa</strong></span> <span class='ocrx_word' id='word_1_333' title='bbox 1366 3658 1445 3716; x_wconf 90' lang='lat' dir='ltr'><strong>actio</strong></span> <span class='ocrx_word' id='word_1_334' title='bbox 1464 3658 1529 3716; x_wconf 82' lang='lat' dir='ltr'><strong>sive</strong></span> 
     </span>
     <span class='ocr_line' id='line_1_32' title="bbox 238 3756 1528 3837; baseline -0.001 -18"><span class='ocrx_word' id='word_1_335' title='bbox 238 3760 327 3825; x_wconf 67' lang='grc' dir='ltr'><strong>Μὶν</strong></span> <span class='ocrx_word' id='word_1_336' title='bbox 350 3756 435 3837; x_wconf 86' lang='lat' dir='ltr'><strong>(nam</strong></span> <span class='ocrx_word' id='word_1_337' title='bbox 460 3758 624 3837; x_wconf 82' lang='lat' dir='ltr'><strong>quaerendi</strong></span> <span class='ocrx_word' id='word_1_338' title='bbox 645 3758 792 3817; x_wconf 86' lang='lat' dir='ltr'><strong>rocabulo</strong></span> <span class='ocrx_word' id='word_1_339' title='bbox 819 3758 869 3817; x_wconf 85' lang='lat' dir='ltr'><strong>lex</strong></span> <span class='ocrx_word' id='word_1_340' title='bbox 897 3758 933 3817; x_wconf 88' lang='lat' dir='ltr'><strong>de</strong></span> <span class='ocrx_word' id='word_1_341' title='bbox 959 3776 994 3815; x_wconf 91' lang='lat' dir='ltr'><strong>eo</strong></span> <span class='ocrx_word' id='word_1_342' title='bbox 1022 3757 1132 3817; x_wconf 90' lang='lat' dir='ltr'><strong>iudicio</strong></span> <span class='ocrx_word' id='word_1_343' title='bbox 1159 3759 1251 3817; x_wconf 90' lang='lat' dir='ltr'><strong>utitur</strong></span> <span class='ocrx_word' id='word_1_344' title='bbox 1273 3758 1306 3831; x_wconf 75' lang='lat'><strong>2,</strong></span> <span class='ocrx_word' id='word_1_345' title='bbox 1323 3759 1352 3817; x_wconf 86' lang='grc'><strong>6.</strong></span> <span class='ocrx_word' id='word_1_346' title='bbox 1372 3759 1420 3818; x_wconf 89' lang='grc'><strong>36.</strong></span> <span class='ocrx_word' id='word_1_347' title='bbox 1445 3759 1478 3831; x_wconf 90' lang='lat'><strong>3,</strong></span> <span class='ocrx_word' id='word_1_348' title='bbox 1495 3760 1528 3836; x_wconf 88' lang='grc'><strong>6)</strong></span> 
     </span>
     <span class='ocr_line' id='line_1_33' title="bbox 238 3856 1529 3939; baseline 0 -18"><span class='ocrx_word' id='word_1_349' title='bbox 238 3856 353 3931; x_wconf 70' lang='lat' dir='ltr'><strong>bedam</strong></span> <span class='ocrx_word' id='word_1_350' title='bbox 376 3869 440 3934; x_wconf 81' lang='lat' dir='ltr'><strong>est3</strong></span> <span class='ocrx_word' id='word_1_351' title='bbox 467 3860 543 3939; x_wconf 89' lang='lat' dir='ltr'><strong>petit</strong></span> <span class='ocrx_word' id='word_1_352' title='bbox 568 3861 664 3933; x_wconf 90' lang='lat' dir='ltr'><strong>enim,</strong></span> <span class='ocrx_word' id='word_1_353' title='bbox 690 3868 724 3919; x_wconf 88' lang='lat' dir='ltr'><strong>nt</strong></span> <span class='ocrx_word' id='word_1_354' title='bbox 748 3869 892 3938; x_wconf 88' lang='lat' dir='ltr'><strong>perpetuo</strong></span> <span class='ocrx_word' id='word_1_355' title='bbox 921 3861 953 3918; x_wconf 89' lang='lat' dir='ltr'><strong>in</strong></span> <span class='ocrx_word' id='word_1_356' title='bbox 980 3859 1082 3919; x_wconf 90' lang='lat' dir='ltr'><strong>multis</strong></span> <span class='ocrx_word' id='word_1_357' title='bbox 1104 3861 1242 3933; x_wconf 85' lang='lat' dir='ltr'><strong>adicitur,</strong></span> <span class='ocrx_word' id='word_1_358' title='bbox 1270 3866 1321 3938; x_wconf 81' lang='lat' dir='ltr'><strong>qni</strong></span> <span class='ocrx_word' id='word_1_359' title='bbox 1341 3862 1423 3920; x_wconf 79' lang='lat' dir='ltr'><strong>volet.</strong></span> <span class='ocrx_word' id='word_1_360' title='bbox 1468 3859 1529 3922; x_wconf 90' lang='lat' dir='ltr'><strong>Sed</strong></span> 
     </span>
     <span class='ocr_line' id='line_1_34' title="bbox 238 3948 1528 4043; baseline 0.003 -24"><span class='ocrx_word' id='word_1_361' title='bbox 238 3948 490 4024; x_wconf 68' lang='lat' dir='ltr'><strong>hauraincurt</strong></span> <span class='ocrx_word' id='word_1_362' title='bbox 515 3962 625 4023; x_wconf 87' lang='lat' dir='ltr'><strong>iudicio</strong></span> <span class='ocrx_word' id='word_1_363' title='bbox 652 3963 824 4043; x_wconf 84' lang='lat' dir='ltr'><strong>distinguit,</strong></span> <span class='ocrx_word' id='word_1_364' title='bbox 850 3967 876 4022; x_wconf 83' lang='lat' dir='ltr'><strong>ei</strong></span> <span class='ocrx_word' id='word_1_365' title='bbox 901 3964 1003 4022; x_wconf 82' lang='lat' dir='ltr'><strong>duocir</strong></span> <span class='ocrx_word' id='word_1_366' title='bbox 1019 3966 1183 4040; x_wconf 77' lang='lat' dir='ltr'><strong>praejectus</strong></span> <span class='ocrx_word' id='word_1_367' title='bbox 1200 3973 1278 4040; x_wconf 81' lang='lat' dir='ltr'><strong>petet</strong></span> <span class='ocrx_word' id='word_1_368' title='bbox 1297 3975 1328 4022; x_wconf 87' lang='lat' dir='ltr'><strong>et</strong></span> <span class='ocrx_word' id='word_1_369' title='bbox 1349 3968 1375 4023; x_wconf 85' lang='lat' dir='ltr'><strong>ai</strong></span> <span class='ocrx_word' id='word_1_370' title='bbox 1392 3968 1528 4041; x_wconf 81' lang='lat' dir='ltr'><strong>privatae</strong></span> 
     </span>
     <span class='ocr_line' id='line_1_35' title="bbox 239 4064 1527 4143; baseline -0.002 -16"><span class='ocrx_word' id='word_1_371' title='bbox 239 4064 298 4133; x_wconf 61' lang='grc' dir='ltr'><em>Μ</em></span> <span class='ocrx_word' id='word_1_372' title='bbox 315 4082 435 4143; x_wconf 80' lang='lat' dir='ltr'><strong>quornm</strong></span> <span class='ocrx_word' id='word_1_373' title='bbox 461 4064 538 4125; x_wconf 90' lang='lat' dir='ltr'><strong>illud</strong></span> <span class='ocrx_word' id='word_1_374' title='bbox 562 4067 738 4143; x_wconf 87' lang='lat' dir='ltr'><strong>plerumque</strong></span> <span class='ocrx_word' id='word_1_375' title='bbox 767 4064 878 4124; x_wconf 86' lang='lat' dir='ltr'><strong>iactum</strong></span> <span class='ocrx_word' id='word_1_376' title='bbox 905 4083 972 4123; x_wconf 90' lang='lat' dir='ltr'><strong>esse</strong></span> <span class='ocrx_word' id='word_1_377' title='bbox 999 4066 1155 4143; x_wconf 85' lang='lat' dir='ltr'><strong>probabile</strong></span> <span class='ocrx_word' id='word_1_378' title='bbox 1182 4073 1229 4125; x_wconf 90' lang='lat' dir='ltr'><strong>est</strong></span> <span class='ocrx_word' id='word_1_379' title='bbox 1255 4076 1285 4125; x_wconf 90' lang='lat' dir='ltr'><strong>ct</strong></span> <span class='ocrx_word' id='word_1_380' title='bbox 1310 4074 1433 4143; x_wconf 89' lang='lat' dir='ltr'><strong>propter</strong></span> <span class='ocrx_word' id='word_1_381' title='bbox 1459 4086 1527 4125; x_wconf 90' lang='lat' dir='ltr'><strong>cau·</strong></span> 
     </span>
     <span class='ocr_line' id='line_1_36' title="bbox 241 4166 1529 4246; baseline 0.002 -21"><span class='ocrx_word' id='word_1_382' title='bbox 241 4168 431 4229; x_wconf 64' lang='lat' dir='ltr'><strong>monandi</strong></span> <span class='ocrx_word' id='word_1_383' title='bbox 457 4166 542 4245; x_wconf 90' lang='lat' dir='ltr'><strong>(nam</strong></span> <span class='ocrx_word' id='word_1_384' title='bbox 568 4168 669 4246; x_wconf 86' lang='lat' dir='ltr'><strong>agitur</strong></span> <span class='ocrx_word' id='word_1_385' title='bbox 699 4168 797 4227; x_wconf 83' lang='lat' dir='ltr'><strong>ubivis</strong></span> <span class='ocrx_word' id='word_1_386' title='bbox 818 4168 855 4227; x_wconf 92' lang='lat' dir='ltr'><strong>dc</strong></span> <span class='ocrx_word' id='word_1_387' title='bbox 877 4168 985 4226; x_wconf 91' lang='lat' dir='ltr'><strong>delicto</strong></span> <span class='ocrx_word' id='word_1_388' title='bbox 1007 4168 1127 4245; x_wconf 90' lang='lat' dir='ltr'><strong>publico</strong></span> <span class='ocrx_word' id='word_1_389' title='bbox 1147 4186 1302 4245; x_wconf 84' lang='lat' dir='ltr'><strong>poenaque</strong></span> <span class='ocrx_word' id='word_1_390' title='bbox 1324 4169 1356 4227; x_wconf 92' lang='lat' dir='ltr'><strong>iu</strong></span> <span class='ocrx_word' id='word_1_391' title='bbox 1378 4169 1529 4244; x_wconf 89' lang='lat' dir='ltr'><strong>publicum</strong></span> 
     </span>
     <span class='ocr_line' id='line_1_37' title="bbox 240 4258 1527 4350; baseline 0.002 -21"><span class='ocrx_word' id='word_1_392' title='bbox 240 4258 371 4348; x_wconf 53' lang='lat' dir='ltr'><strong>Qum)</strong></span> <span class='ocrx_word' id='word_1_393' title='bbox 397 4278 429 4331; x_wconf 87' lang='lat' dir='ltr'><strong>et</strong></span> <span class='ocrx_word' id='word_1_394' title='bbox 447 4278 621 4349; x_wconf 83' lang='lat' dir='ltr'><strong>propterea,</strong></span> <span class='ocrx_word' id='word_1_395' title='bbox 648 4271 729 4347; x_wconf 92' lang='lat' dir='ltr'><strong>quod</strong></span> <span class='ocrx_word' id='word_1_396' title='bbox 750 4270 822 4330; x_wconf 92' lang='lat' dir='ltr'><strong>olim</strong></span> <span class='ocrx_word' id='word_1_397' title='bbox 844 4271 923 4347; x_wconf 90' lang='lat' dir='ltr'><strong>apud</strong></span> <span class='ocrx_word' id='word_1_398' title='bbox 943 4270 1098 4329; x_wconf 88' lang='lat' dir='ltr'><strong>Romanos</strong></span> <span class='ocrx_word' id='word_1_399' title='bbox 1121 4271 1194 4330; x_wconf 88' lang='lat' dir='ltr'><strong>solis</strong></span> <span class='ocrx_word' id='word_1_400' title='bbox 1216 4271 1441 4350; x_wconf 86' lang='lat' dir='ltr'><strong>magistratibus</strong></span> <span class='ocrx_word' id='word_1_401' title='bbox 1463 4272 1527 4332; x_wconf 89' lang='lat' dir='ltr'><strong>eius</strong></span> 
     </span>
     <span class='ocr_line' id='line_1_38' title="bbox 242 4368 1526 4451; baseline 0 -18"><span class='ocrx_word' id='word_1_402' title='bbox 242 4368 323 4433; x_wconf 63' lang='lat' dir='ltr'><strong>Mi!</strong></span> <span class='ocrx_word' id='word_1_403' title='bbox 346 4390 508 4451; x_wconf 72' lang='lat' dir='ltr'><strong>poenam</strong></span> <span class='ocrx_word' id='word_1_404' title='bbox 539 4372 734 4449; x_wconf 84' lang='lat' dir='ltr'><strong>petendarum</strong></span> <span class='ocrx_word' id='word_1_405' title='bbox 762 4373 810 4431; x_wconf 91' lang='lat' dir='ltr'><strong>ius</strong></span> <span class='ocrx_word' id='word_1_406' title='bbox 835 4373 930 4432; x_wconf 85' lang='lat' dir='ltr'><strong>fuisse</strong></span> <span class='ocrx_word' id='word_1_407' title='bbox 960 4370 1132 4449; x_wconf 65' lang='lat' dir='ltr'><strong>ridetur2);</strong></span> <span class='ocrx_word' id='word_1_408' title='bbox 1166 4373 1294 4449; x_wconf 88' lang='lat' dir='ltr'><strong>denique</strong></span> <span class='ocrx_word' id='word_1_409' title='bbox 1322 4373 1403 4449; x_wconf 91' lang='lat' dir='ltr'><strong>quod</strong></span> <span class='ocrx_word' id='word_1_410' title='bbox 1433 4375 1463 4447; x_wconf 93' lang='lat' dir='ltr'><strong>l,</strong></span> <span class='ocrx_word' id='word_1_411' title='bbox 1487 4375 1526 4433; x_wconf 82' lang='lat'><strong>34</strong></span> 
     </span>
     <span class='ocr_line' id='line_1_39' title="bbox 164 4456 1528 4552; baseline -0.001 -17"><span class='ocrx_word' id='word_1_412' title='bbox 164 4478 168 4485; x_wconf 88' lang='lat'>&#39;</span> <span class='ocrx_word' id='word_1_413' title='bbox 243 4456 296 4523; x_wconf 66' lang='lat'>¹1¹5!</span> <span class='ocrx_word' id='word_1_414' title='bbox 314 4474 510 4549; x_wconf 66' lang='lat' dir='ltr'><strong>praefecturae</strong></span> <span class='ocrx_word' id='word_1_415' title='bbox 538 4482 569 4533; x_wconf 87' lang='lat' dir='ltr'><strong>et</strong></span> <span class='ocrx_word' id='word_1_416' title='bbox 594 4485 821 4551; x_wconf 87' lang='lat' dir='ltr'><strong>recuperatores</strong></span> <span class='ocrx_word' id='word_1_417' title='bbox 850 4485 881 4534; x_wconf 91' lang='lat' dir='ltr'><strong>ct</strong></span> <span class='ocrx_word' id='word_1_418' title='bbox 905 4495 975 4534; x_wconf 90' lang='lat' dir='ltr'><strong>eum</strong></span> <span class='ocrx_word' id='word_1_419' title='bbox 1001 4475 1087 4534; x_wconf 88' lang='lat' dir='ltr'><strong>cuius</strong></span> <span class='ocrx_word' id='word_1_420' title='bbox 1116 4493 1164 4533; x_wconf 89' lang='lat' dir='ltr'><strong>res</strong></span> <span class='ocrx_word' id='word_1_421' title='bbox 1192 4475 1291 4552; x_wconf 89' lang='lat' dir='ltr'><strong>agitur</strong></span> <span class='ocrx_word' id='word_1_422' title='bbox 1319 4475 1425 4534; x_wconf 88' lang='lat' dir='ltr'><strong>adesse</strong></span> <span class='ocrx_word' id='word_1_423' title='bbox 1447 4476 1528 4534; x_wconf 90' lang='lat' dir='ltr'><strong>iubet</strong></span> 
     </span>
     <span class='ocr_line' id='line_1_40' title="bbox 169 4572 1527 4656; baseline 0.004 -23"><span class='ocrx_word' id='word_1_424' title='bbox 169 4638 174 4647; x_wconf 66' lang='grc'>,</span> <span class='ocrx_word' id='word_1_425' title='bbox 245 4572 313 4629; x_wconf 66' lang='lat' dir='ltr'><strong>wore</strong></span> <span class='ocrx_word' id='word_1_426' title='bbox 329 4578 450 4651; x_wconf 85' lang='lat' dir='ltr'><strong>omisso,</strong></span> <span class='ocrx_word' id='word_1_427' title='bbox 476 4576 566 4638; x_wconf 82' lang='lat' dir='ltr'><strong>facile</strong></span> <span class='ocrx_word' id='word_1_428' title='bbox 587 4578 770 4655; x_wconf 86' lang='lat' dir='ltr'><strong>explicatur,</strong></span> <span class='ocrx_word' id='word_1_429' title='bbox 797 4578 824 4638; x_wconf 91' lang='lat' dir='ltr'><strong>si</strong></span> <span class='ocrx_word' id='word_1_430' title='bbox 845 4579 964 4655; x_wconf 90' lang='lat' dir='ltr'><strong>quidem</strong></span> <span class='ocrx_word' id='word_1_431' title='bbox 986 4578 1051 4654; x_wconf 90' lang='lat' dir='ltr'><strong>ipse</strong></span> <span class='ocrx_word' id='word_1_432' title='bbox 1073 4578 1268 4656; x_wconf 88' lang='lat' dir='ltr'><strong>magistratus</strong></span> <span class='ocrx_word' id='word_1_433' title='bbox 1290 4586 1405 4638; x_wconf 91' lang='lat' dir='ltr'><strong>actores</strong></span> <span class='ocrx_word' id='word_1_434' title='bbox 1427 4585 1527 4656; x_wconf 90' lang='lat' dir='ltr'><strong>partes</strong></span> 
     </span>
    </p>
   </div>
   <div class='ocr_carea' id='block_1_3' title="bbox 164 4740 398 4785">
    <p class='ocr_par' dir='ltr' id='par_1_3' title="bbox 164 4740 398 4785">
     <span class='ocr_line' id='line_1_41' title="bbox 164 4740 398 4785; baseline 0.013 0"><span class='ocrx_word' id='word_1_435' title='bbox 164 4750 173 4785; x_wconf 71' lang='lat' dir='ltr'><strong>s</strong></span> <span class='ocrx_word' id='word_1_436' title='bbox 245 4740 398 4775; x_wconf 40' lang='grc' dir='ltr'><strong>Ἢ-</strong></span> 
     </span>
    </p>
   </div>
   <div class='ocr_carea' id='block_1_4' title="bbox 164 4888 1525 5159">
    <p class='ocr_par' dir='ltr' id='par_1_4' title="bbox 164 4888 1525 5159">
     <span class='ocr_line' id='line_1_42' title="bbox 167 4888 1525 4976; baseline 0.002 -21"><span class='ocrx_word' id='word_1_437' title='bbox 167 4954 171 4961; x_wconf 85' lang='grc'><strong><em>,</em></strong></span> <span class='ocrx_word' id='word_1_438' title='bbox 295 4888 314 4955; x_wconf 67' lang='grc' dir='ltr'><strong>Ι)</strong></span> <span class='ocrx_word' id='word_1_439' title='bbox 333 4900 414 4959; x_wconf 73' lang='lat' dir='ltr'><strong>Cicero</strong></span> <span class='ocrx_word' id='word_1_440' title='bbox 426 4920 476 4973; x_wconf 87' lang='lat' dir='ltr'><strong>pro</strong></span> <span class='ocrx_word' id='word_1_441' title='bbox 489 4906 558 4957; x_wconf 80' lang='lat' dir='ltr'><strong>Tull.</strong></span> <span class='ocrx_word' id='word_1_442' title='bbox 575 4908 623 4958; x_wconf 83' lang='lat'><strong>10:</strong></span> <span class='ocrx_word' id='word_1_443' title='bbox 641 4908 827 4976; x_wconf 81' lang='lat' dir='ltr'><strong>rect&#39;peratorea</strong></span> <span class='ocrx_word' id='word_1_444' title='bbox 844 4905 916 4969; x_wconf 75' lang='lat' dir='ltr'><strong>(lore,</strong></span> <span class='ocrx_word' id='word_1_445' title='bbox 935 4913 964 4956; x_wconf 82' lang='lat' dir='ltr'><strong>nt</strong></span> <span class='ocrx_word' id='word_1_446' title='bbox 982 4923 1055 4973; x_wconf 80' lang='lat' dir='ltr'><strong>prom</strong></span> <span class='ocrx_word' id='word_1_447' title='bbox 1068 4907 1178 4973; x_wconf 82' lang='lat' dir='ltr'><strong>primum</strong></span> <span class='ocrx_word' id='word_1_448' title='bbox 1189 4922 1231 4957; x_wconf 84' lang='lat' dir='ltr'><strong>rca</strong></span> <span class='ocrx_word' id='word_1_449' title='bbox 1244 4904 1408 4957; x_wconf 81' lang='lat' dir='ltr'><strong>indicaretur.</strong></span> <span class='ocrx_word' id='word_1_450' title='bbox 1436 4908 1525 4958; x_wconf 85' lang='lat' dir='ltr'><strong>Divin.</strong></span> 
     </span>
     <span class='ocr_line' id='line_1_43' title="bbox 164 4970 1524 5065; baseline 0.001 -16"><span class='ocrx_word' id='word_1_451' title='bbox 164 5050 166 5063; x_wconf 77' lang='grc'>,</span> <span class='ocrx_word' id='word_1_452' title='bbox 246 4970 390 5061; x_wconf 57' lang='grc' dir='ltr'><strong>ΜΠ,</strong></span> <span class='ocrx_word' id='word_1_453' title='bbox 402 4998 448 5051; x_wconf 82' lang='lat' dir='ltr'><strong>oc.</strong></span> <span class='ocrx_word' id='word_1_454' title='bbox 475 4998 577 5050; x_wconf 71' lang='lat' dir='ltr'><strong>Plinius</strong></span> <span class='ocrx_word' id='word_1_455' title='bbox 596 5014 636 5065; x_wconf 77' lang='lat' dir='ltr'><strong>ep.</strong></span> <span class='ocrx_word' id='word_1_456' title='bbox 651 5002 677 5063; x_wconf 85' lang='lat' dir='ltr'><strong>a,</strong></span> <span class='ocrx_word' id='word_1_457' title='bbox 693 5003 737 5063; x_wconf 79' lang='lat' dir='ltr'><strong>co,</strong></span> <span class='ocrx_word' id='word_1_458' title='bbox 751 5003 777 5052; x_wconf 82' lang='lat' dir='ltr'><strong>a.</strong></span> <span class='ocrx_word' id='word_1_459' title='bbox 804 5002 860 5052; x_wconf 75' lang='lat' dir='ltr'><strong>uo.</strong></span> <span class='ocrx_word' id='word_1_460' title='bbox 876 5002 919 5063; x_wconf 77' lang='lat' dir='ltr'><strong>rc,</strong></span> <span class='ocrx_word' id='word_1_461' title='bbox 935 5000 979 5051; x_wconf 70' lang='lat' dir='ltr'><strong>aa.</strong></span> <span class='ocrx_word' id='word_1_462' title='bbox 1007 5000 1065 5051; x_wconf 77' lang='lat' dir='ltr'><strong>car.</strong></span> <span class='ocrx_word' id='word_1_463' title='bbox 1080 5002 1106 5062; x_wconf 84' lang='lat'><strong>4,</strong></span> <span class='ocrx_word' id='word_1_464' title='bbox 1123 5000 1183 5049; x_wconf 76' lang='lat' dir='ltr'><strong>rsa.</strong></span> <span class='ocrx_word' id='word_1_465' title='bbox 1216 5000 1246 5050; x_wconf 92' lang='lat' dir='ltr'><strong>In</strong></span> <span class='ocrx_word' id='word_1_466' title='bbox 1264 5000 1319 5064; x_wconf 72' lang='lat' dir='ltr'><strong>rege</strong></span> <span class='ocrx_word' id='word_1_467' title='bbox 1333 5001 1436 5065; x_wconf 67' lang='lat' dir='ltr'><strong>agrena</strong></span> <span class='ocrx_word' id='word_1_468' title='bbox 1454 5017 1479 5050; x_wconf 72' lang='lat' dir='ltr'><strong>v,</strong></span> <span class='ocrx_word' id='word_1_469' title='bbox 1490 5002 1524 5051; x_wconf 79' lang='lat' dir='ltr'><strong>er</strong></span> 
     </span>
     <span class='ocr_line' id='line_1_44' title="bbox 164 5070 1507 5159; baseline 0.001 -18"><span class='ocrx_word' id='word_1_470' title='bbox 164 5070 166 5077; x_wconf 33' lang='grc' dir='ltr'>Ι</span> <span class='ocrx_word' id='word_1_471' title='bbox 246 5072 362 5141; x_wconf 54' lang='grc' dir='ltr'><strong>ΨΜ</strong></span> <span class='ocrx_word' id='word_1_472' title='bbox 377 5090 479 5143; x_wconf 81' lang='lat' dir='ltr'><strong>decimo</strong></span> <span class='ocrx_word' id='word_1_473' title='bbox 497 5090 541 5143; x_wconf 89' lang='lat' dir='ltr'><strong>dis</strong></span> <span class='ocrx_word' id='word_1_474' title='bbox 558 5100 752 5159; x_wconf 86' lang='lat' dir='ltr'><strong>recuperatores</strong></span> <span class='ocrx_word' id='word_1_475' title='bbox 772 5094 834 5145; x_wconf 87' lang='lat' dir='ltr'><strong>dare</strong></span> <span class='ocrx_word' id='word_1_476' title='bbox 849 5094 958 5157; x_wconf 86' lang='lat' dir='ltr'><strong>iubetur,</strong></span> <span class='ocrx_word' id='word_1_477' title='bbox 977 5100 1114 5159; x_wconf 88' lang='lat' dir='ltr'><strong>postquam</strong></span> <span class='ocrx_word' id='word_1_478' title='bbox 1127 5093 1161 5144; x_wconf 91' lang='lat' dir='ltr'><strong>ad</strong></span> <span class='ocrx_word' id='word_1_479' title='bbox 1175 5108 1233 5143; x_wconf 92' lang='lat' dir='ltr'><strong>eum</strong></span> <span class='ocrx_word' id='word_1_480' title='bbox 1246 5093 1273 5142; x_wconf 93' lang='lat' dir='ltr'><strong>iu</strong></span> <span class='ocrx_word' id='word_1_481' title='bbox 1286 5093 1325 5142; x_wconf 91' lang='lat' dir='ltr'><strong>ius</strong></span> <span class='ocrx_word' id='word_1_482' title='bbox 1338 5093 1435 5143; x_wconf 87' lang='lat' dir='ltr'><strong>aditum</strong></span> <span class='ocrx_word' id='word_1_483' title='bbox 1450 5094 1507 5142; x_wconf 87' lang='lat' dir='ltr'><strong>erit.</strong></span> 
     </span>
    </p>
   </div>
   <div class='ocr_carea' id='block_1_5' title="bbox 294 5178 597 5267">
    <p class='ocr_par' dir='ltr' id='par_1_5' title="bbox 294 5178 597 5267">
     <span class='ocr_line' id='line_1_45' title="bbox 294 5178 597 5267; baseline 0.017 -18"><span class='ocrx_word' id='word_1_484' title='bbox 294 5178 315 5249; x_wconf 73' lang='lat' dir='ltr'><strong>&#39;t</strong></span> <span class='ocrx_word' id='word_1_485' title='bbox 330 5192 481 5255; x_wconf 66' lang='lat' dir='ltr'><strong>&amp;nasce</strong></span> <span class='ocrx_word' id='word_1_486' title='bbox 494 5204 519 5267; x_wconf 91' lang='lat'><strong>1,</strong></span> <span class='ocrx_word' id='word_1_487' title='bbox 535 5204 597 5255; x_wconf 81' lang='lat'>141.</span> 
     </span>
    </p>
   </div>
   <div class='ocr_carea' id='block_1_6' title="bbox 0 0 1735 6292">
    <p class='ocr_par' dir='ltr' id='par_1_6' title="bbox 0 0 1735 6292">
     <span class='ocr_line' id='line_1_46' title="bbox 0 0 1735 6292; baseline 0 0"><span class='ocrx_word' id='word_1_488' title='bbox 0 0 1735 6292; x_wconf 95' lang='lat' dir='ltr'><strong> </strong></span> 
     </span>
    </p>
   </div>
  </div>
 </body>
</html>
