3458 6292
123 553 173 602 297

134 744 360 802 Antoninianum
382 764 410 820 p.
436 746 510 804 145:

123 842 243 905 Salaria
278 847 315 905 ab
362 847 435 905 urbe
469 846 532 906 Ha-

220 948 303 1009 driae
324 966 428 1025 neque.

358 1189 468 1249 XVIII

281 1394 374 1453 Ereto

358 1599 438 1660 XIII

236 1803 312 1864 Vico
332 1824 412 1865 novo

330 1903 335 1988 Ι
356 1909 433 1969 XVI

267 2009 363 2072 Reate

356 2216 434 2276 VIII

261 2417 391 2480 Cutilias

355 2626 401 2687 VI

246 2831 412 2893 Interocrio

356 3039 436 3099 XVI

246 3241 406 3303 Falacrino

329 3341 333 3425 1
357 3346 432 3405 VIII

226 3446 290 3504 vice
311 3446 423 3508 Badies

330 3547 334 3631 t
358 3552 390 3611 X
411 3547 417 3562 '

200 3649 239 3708 ad
261 3654 454 3712 centesimum

329 3753 333 3835 I
358 3756 423 3814 XII

279 3858 373 3917 Aeclo

332 3958 336 4040 I
360 3960 423 4019 XX

186 4072 286 4122 castro
308 4062 476 4122 Truentino

329 4161 332 4244 I
355 4164 422 4224 XII

220 4279 320 4326 castro
346 4265 436 4326 Novo

330 4367 334 4450 I
358 4369 420 4427 XV

261 4471 395 4531 Hadriae

544 552 627 603 vnn.
647 552 662 601 1
690 532 1049 613 nnr1Qv1ssmnnvm.

664 743 918 821 Peuaaqeramn:

688 949 737 1007 via
753 948 880 1010 Salaria.

725 1101 847 1267 Fiddnie

792 1306 795 1389 I
819 1310 912 1369 XIIII

745 1412 837 1471 Ereto

819 1617 900 1675 XIII

707 1821 744 1880 ad
766 1820 871 1881 Novas

791 1919 795 2003 Ι
818 1923 897 1983 XVI

746 2027 843 2086 Reate

816 2229 912 2288 vnn
974 2189 976 2194 ¹

674 2453 751 2511 aque
773 2432 898 2494 Oittillie

816 2639 878 2700 VII

706 2843 873 2904 Interocrio

789 2944 793 3028 Ι
817 2947 882 3005 XII

707 3050 774 3107 foro
796 3049 867 3108 Ecri

790 3147 793 3231 I
818 3152 884 3209 IIII

701 3254 871 3313 Palacrinis

818 3356 896 3415 XVI

701 3561 739 3618 ad
768 3561 874 3620 Martis

1374 531 1448 602 203

1054 744 1206 802 Bac-annas
1229 743 1307 810 434;
1336 741 1430 801 Guido

1193 864 1221 920 p.
1245 845 1318 902 491:

1144 948 1195 1007 via
1217 943 1345 1007 Salaria.

1250 1097 1256 1181 t

1188 1205 1311 1265 Fidenis

1188 1410 1311 1469 Eretum

1103 1613 1106 1622 '
1204 1615 1296 1675 Faria

1200 1715 1297 1879 Ndbis

1199 2022 1296 2082 Reate

1200 2123 1301 2305 Agidis

1128 2450 1224 2509 aquae
1247 2429 1376 2491 Catiliae

1178 2638 1318 2697 Tistenta

1046 2916 1050 2922 .
1147 2842 1345 2902 Interocrium

1139 3049 1238 3107 forum
1268 3045 1355 3106 Decii

1186 3251 1316 3312 Facrina

1194 3561 1300 3619 Martis

122 4731 228 4792 Prima
249 4731 348 4809 portio
370 4732 452 4805 viae,
479 4731 505 4790 si
527 4731 648 4807 quidem
676 4732 801 4791 eundem
823 4732 973 4790 tramitem
1000 4740 1103 4790 secuta
1124 4741 1170 4789 eet
1191 4748 1280 4807 quem
1301 4732 1455 4791 itIneraria

122 4833 271 4907 indicant,
307 4837 465 4894 terminum
499 4834 604 4892 habuit
628 4834 692 4892 fere
731 4834 770 4891 ad
806 4836 903 4894 vicum
935 4833 1067 4894 Novum.
1110 4830 1274 4892 Stationem
1310 4836 1388 4895 hanc
1427 4839 1454 4896 ie

123 4939 176 5014 qni
198 4956 304 5015 agrum
326 4937 530 4997 suburbanum
552 4937 683 4994 omnium
706 4937 818 5012 optime
839 4937 927 4996 hodie
954 4937 1038 4996 novit
1057 4934 1167 4995 Petrus
1193 4936 1278 4995 Rosa
1298 4935 1453 4996 Romanus

124 5041 263 5118 egregius
285 5041 397 5099 amicus
420 5040 574 5116 quaerenti
597 5040 668 5097 mihi
690 5041 845 5118 respondit
866 5041 999 5103 incidere
1021 5039 1052 5098 in
1070 5038 1230 5098 miliarium
1250 5038 1381 5117 lapidem
1403 5042 1455 5117 qui

124 5160 202 5201 nunc
239 5151 286 5201 cst
303 5143 445 5216 XXXII,
482 5143 533 5201 ubi
569 5142 659 5202 hodie
691 5151 738 5203 est
773 5161 910 5222 caupona
944 5161 1023 5201 nova
1059 5141 1179 5217 (cetaria
1214 5140 1320 5202 Naana
1351 5163 1454 5219 preaao

124 5248 136 5301 i
165 5245 339 5323 Mnaaacci).
394 5246 431 5303 In
467 5247 550 5303 hisce
596 5247 731 5323 partibus
780 5245 1004 5325 comprehensis
1048 5244 1121 5304 olim
1160 5243 1268 5305 finibus
1307 5245 1456 5306 Trebulae

1189 5365 1251 5428 14⁹
