<?xml version="1.0" encoding="UTF-8"?>
<!DOCTYPE html PUBLIC "-//W3C//DTD XHTML 1.0 Transitional//EN"
    "http://www.w3.org/TR/xhtml1/DTD/xhtml1-transitional.dtd">
<html xmlns="http://www.w3.org/1999/xhtml" xml:lang="en" lang="en">
 <head>
  <title>
</title>
<meta http-equiv="Content-Type" content="text/html;charset=utf-8" />
  <meta name='ocr-system' content='tesseract 3.04.00' />
  <meta name='ocr-capabilities' content='ocr_page ocr_carea ocr_par ocr_line ocrx_word'/>
</head>
<body>
  <div class='ocr_page' id='page_1' title='image "./ephemerisepigra03instgoog_0170.png"; bbox 0 0 3458 6292; ppageno 0'>
   <div class='ocr_carea' id='block_1_1' title="bbox 497 457 1560 1236">
    <p class='ocr_par' dir='ltr' id='par_1_1' title="bbox 500 457 1560 721">
     <span class='ocr_line' id='line_1_1' title="bbox 514 457 1560 526; baseline 0 -1"><span class='ocrx_word' id='word_1_1' title='bbox 514 472 856 526; x_wconf 74' lang='lat' dir='ltr'>couusn&#39;unruouus</span> <span class='ocrx_word' id='word_1_2' title='bbox 875 473 1151 524; x_wconf 72' lang='lat' dir='ltr'>urronsrurcuu</span> <span class='ocrx_word' id='word_1_3' title='bbox 1172 474 1275 523; x_wconf 64' lang='lat' dir='ltr'>&#39;ursa</span> <span class='ocrx_word' id='word_1_4' title='bbox 1490 457 1560 525; x_wconf 80' lang='lat'>159</span> 
     </span>
     <span class='ocr_line' id='line_1_2' title="bbox 500 644 938 721; baseline -0.011 -13"><span class='ocrx_word' id='word_1_5' title='bbox 500 646 623 708; x_wconf 88' lang='lat' dir='ltr'>Stenius</span> <span class='ocrx_word' id='word_1_6' title='bbox 646 645 794 721; x_wconf 86' lang='lat' dir='ltr'>Clum.(?)</span> <span class='ocrx_word' id='word_1_7' title='bbox 812 644 938 715; x_wconf 91' lang='lat' dir='ltr'>Virrius,</span> 
     </span>
    </p>

    <p class='ocr_par' dir='ltr' id='par_1_2' title="bbox 499 744 965 818">
     <span class='ocr_line' id='line_1_3' title="bbox 499 744 965 818; baseline -0.006 -10"><span class='ocrx_word' id='word_1_8' title='bbox 499 748 628 809; x_wconf 77' lang='lat' dir='ltr'>Trebius</span> <span class='ocrx_word' id='word_1_9' title='bbox 714 748 801 806; x_wconf 88' lang='lat' dir='ltr'>-ius</span> <span class='ocrx_word' id='word_1_10' title='bbox 818 744 965 818; x_wconf 86' lang='lat' dir='ltr'>Virreius,</span> 
     </span>
    </p>

    <p class='ocr_par' dir='ltr' id='par_1_3' title="bbox 497 849 904 929">
     <span class='ocr_line' id='line_1_4' title="bbox 497 849 904 929; baseline -0.007 -20"><span class='ocrx_word' id='word_1_11' title='bbox 497 850 596 929; x_wconf 78' lang='lat' dir='ltr'>1²1.(t)</span> <span class='ocrx_word' id='word_1_12' title='bbox 618 851 727 910; x_wconf 81' lang='lat' dir='ltr'>Assius</span> <span class='ocrx_word' id='word_1_13' title='bbox 747 849 904 921; x_wconf 83' lang='lat' dir='ltr'>Birellius‚</span> 
     </span>
    </p>

    <p class='ocr_par' dir='ltr' id='par_1_4' title="bbox 500 951 780 1031">
     <span class='ocr_line' id='line_1_5' title="bbox 500 951 780 1031; baseline -0.007 -18"><span class='ocrx_word' id='word_1_14' title='bbox 500 951 619 1031; x_wconf 89' lang='lat' dir='ltr'>Oppius</span> <span class='ocrx_word' id='word_1_15' title='bbox 641 952 780 1023; x_wconf 88' lang='lat' dir='ltr'>Helvius,</span> 
     </span>
    </p>

    <p class='ocr_par' dir='ltr' id='par_1_5' title="bbox 497 1053 907 1125">
     <span class='ocr_line' id='line_1_6' title="bbox 497 1053 907 1125; baseline -0.02 -10"><span class='ocrx_word' id='word_1_16' title='bbox 497 1054 613 1115; x_wconf 82' lang='lat' dir='ltr'>Lucius</span> <span class='ocrx_word' id='word_1_17' title='bbox 635 1053 792 1125; x_wconf 87' lang='lat' dir='ltr'>Octavius,</span> <span class='ocrx_word' id='word_1_18' title='bbox 904 1094 907 1107; x_wconf 92' lang='lat'><em>.</em></span> 
     </span>
    </p>

    <p class='ocr_par' dir='ltr' id='par_1_6' title="bbox 498 1154 1249 1236">
     <span class='ocr_line' id='line_1_7' title="bbox 498 1154 1249 1236; baseline -0.003 -17"><span class='ocrx_word' id='word_1_19' title='bbox 498 1156 613 1219; x_wconf 82' lang='lat' dir='ltr'>Statius</span> <span class='ocrx_word' id='word_1_20' title='bbox 633 1154 753 1217; x_wconf 86' lang='lat' dir='ltr'>Gavius</span> <span class='ocrx_word' id='word_1_21' title='bbox 774 1175 828 1215; x_wconf 88' lang='lat' dir='ltr'>nec</span> <span class='ocrx_word' id='word_1_22' title='bbox 850 1156 906 1215; x_wconf 85' lang='lat' dir='ltr'>lari</span> <span class='ocrx_word' id='word_1_23' title='bbox 928 1175 982 1215; x_wconf 87' lang='lat' dir='ltr'>nec</span> <span class='ocrx_word' id='word_1_24' title='bbox 1005 1157 1104 1215; x_wconf 85' lang='lat' dir='ltr'>dicere</span> <span class='ocrx_word' id='word_1_25' title='bbox 1125 1158 1249 1236; x_wconf 86' lang='lat' dir='ltr'>possint</span> 
     </span>
    </p>
   </div>
   <div class='ocr_carea' id='block_1_2' title="bbox 497 1311 1357 1597">
    <p class='ocr_par' dir='ltr' id='par_1_7' title="bbox 497 1311 1357 1597">
     <span class='ocr_line' id='line_1_8' title="bbox 498 1311 1357 1393; baseline 0.001 -19"><span class='ocrx_word' id='word_1_26' title='bbox 498 1312 612 1375; x_wconf 86' lang='lat' dir='ltr'>Lucius</span> <span class='ocrx_word' id='word_1_27' title='bbox 635 1311 779 1373; x_wconf 82' lang='lat' dir='ltr'>Octavius</span> <span class='ocrx_word' id='word_1_28' title='bbox 801 1312 961 1372; x_wconf 84' lang='lat' dir='ltr'>Novellum</span> <span class='ocrx_word' id='word_1_29' title='bbox 980 1315 1110 1374; x_wconf 88' lang='lat' dir='ltr'>Velliam</span> <span class='ocrx_word' id='word_1_30' title='bbox 1133 1316 1357 1393; x_wconf 85' lang='lat' dir='ltr'>(imprecatur):</span> 
     </span>
     <span class='ocr_line' id='line_1_9' title="bbox 498 1416 968 1493; baseline -0.004 -17"><span class='ocrx_word' id='word_1_31' title='bbox 498 1416 565 1477; x_wconf 78' lang='lat' dir='ltr'>Nec</span> <span class='ocrx_word' id='word_1_32' title='bbox 585 1416 684 1475; x_wconf 87' lang='lat' dir='ltr'>dicere</span> <span class='ocrx_word' id='word_1_33' title='bbox 705 1434 760 1474; x_wconf 93' lang='lat' dir='ltr'>nec</span> <span class='ocrx_word' id='word_1_34' title='bbox 780 1416 838 1474; x_wconf 84' lang='lat' dir='ltr'>sari</span> <span class='ocrx_word' id='word_1_35' title='bbox 860 1418 968 1493; x_wconf 86' lang='lat' dir='ltr'>possit,</span> 
     </span>
     <span class='ocr_line' id='line_1_10' title="bbox 497 1519 1311 1597; baseline 0.002 -20"><span class='ocrx_word' id='word_1_36' title='bbox 497 1538 554 1579; x_wconf 90' lang='lat' dir='ltr'>nec</span> <span class='ocrx_word' id='word_1_37' title='bbox 574 1529 798 1579; x_wconf 86' lang='lat' dir='ltr'><strong>monumentum</strong></span> <span class='ocrx_word' id='word_1_38' title='bbox 824 1538 880 1578; x_wconf 91' lang='lat' dir='ltr'>nec</span> <span class='ocrx_word' id='word_1_39' title='bbox 901 1519 993 1577; x_wconf 91' lang='lat' dir='ltr'>ollam</span> <span class='ocrx_word' id='word_1_40' title='bbox 1016 1520 1072 1578; x_wconf 87' lang='lat' dir='ltr'>sibi</span> <span class='ocrx_word' id='word_1_41' title='bbox 1095 1520 1203 1597; x_wconf 83' lang='lat' dir='ltr'>capiat.</span> <span class='ocrx_word' id='word_1_42' title='bbox 1306 1584 1311 1595; x_wconf 60' lang='lat'>„</span> 
     </span>
    </p>
   </div>
   <div class='ocr_carea' id='block_1_3' title="bbox 146 1656 1559 3172">
    <p class='ocr_par' dir='ltr' id='par_1_8' title="bbox 146 1656 1559 3172">
     <span class='ocr_line' id='line_1_11' title="bbox 312 1656 1557 1737; baseline 0 -18"><span class='ocrx_word' id='word_1_43' title='bbox 312 1658 436 1719; x_wconf 84' lang='lat' dir='ltr'>Primus</span> <span class='ocrx_word' id='word_1_44' title='bbox 464 1656 557 1715; x_wconf 83' lang='lat' dir='ltr'>edidit</span> <span class='ocrx_word' id='word_1_45' title='bbox 582 1674 649 1715; x_wconf 92' lang='lat' dir='ltr'>cum</span> <span class='ocrx_word' id='word_1_46' title='bbox 676 1657 889 1715; x_wconf 87' lang='lat' dir='ltr'>commentario</span> <span class='ocrx_word' id='word_1_47' title='bbox 914 1657 939 1715; x_wconf 91' lang='grc' dir='ltr'>Ι.</span> <span class='ocrx_word' id='word_1_48' title='bbox 962 1657 1138 1728; x_wconf 84' lang='lat' dir='ltr'>Minervini‚</span> <span class='ocrx_word' id='word_1_49' title='bbox 1167 1656 1276 1717; x_wconf 81' lang='lat' dir='ltr'>Bullet.</span> <span class='ocrx_word' id='word_1_50' title='bbox 1303 1660 1425 1718; x_wconf 78' lang='lat' dir='ltr'>arcleol.</span> <span class='ocrx_word' id='word_1_51' title='bbox 1448 1660 1557 1737; x_wconf 83' lang='lat' dir='ltr'>Napol.</span> 
     </span>
     <span class='ocr_line' id='line_1_12' title="bbox 225 1758 1558 1835; baseline -0.001 -14"><span class='ocrx_word' id='word_1_52' title='bbox 225 1780 293 1821; x_wconf 77' lang='lat' dir='ltr'>son.</span> <span class='ocrx_word' id='word_1_53' title='bbox 312 1778 370 1819; x_wconf 82' lang='lat' dir='ltr'>ser.</span> <span class='ocrx_word' id='word_1_54' title='bbox 385 1760 419 1831; x_wconf 87' lang='lat' dir='ltr'>V,</span> <span class='ocrx_word' id='word_1_55' title='bbox 439 1770 496 1819; x_wconf 84' lang='lat' dir='ltr'>tor.</span> <span class='ocrx_word' id='word_1_56' title='bbox 511 1758 598 1830; x_wconf 86' lang='lat' dir='ltr'><em>VIII,</em></span> <span class='ocrx_word' id='word_1_57' title='bbox 618 1760 645 1817; x_wconf 84' lang='lat'>1.</span> <span class='ocrx_word' id='word_1_58' title='bbox 663 1777 695 1835; x_wconf 85' lang='lat' dir='ltr'>p.</span> <span class='ocrx_word' id='word_1_59' title='bbox 711 1758 759 1817; x_wconf 84' lang='lat'>99.</span> <span class='ocrx_word' id='word_1_60' title='bbox 775 1758 848 1829; x_wconf 85' lang='lat'><strong><em>100,</em></strong></span> <span class='ocrx_word' id='word_1_61' title='bbox 869 1758 946 1817; x_wconf 87' lang='lat' dir='ltr'>undo</span> <span class='ocrx_word' id='word_1_62' title='bbox 968 1760 1007 1817; x_wconf 76' lang='lat' dir='ltr'>A.</span> <span class='ocrx_word' id='word_1_63' title='bbox 1024 1761 1160 1831; x_wconf 80' lang='lat' dir='ltr'>Fabretti,</span> <span class='ocrx_word' id='word_1_64' title='bbox 1186 1759 1219 1817; x_wconf 89' lang='lat' dir='ltr'>C.</span> <span class='ocrx_word' id='word_1_65' title='bbox 1234 1760 1260 1819; x_wconf 87' lang='lat'>1.</span> <span class='ocrx_word' id='word_1_66' title='bbox 1276 1761 1347 1820; x_wconf 84' lang='lat' dir='ltr'>Ital.</span> <span class='ocrx_word' id='word_1_67' title='bbox 1360 1772 1378 1820; x_wconf 90' lang='lat' dir='ltr'>t.</span> <span class='ocrx_word' id='word_1_68' title='bbox 1399 1761 1558 1833; x_wconf 77' lang='lat' dir='ltr'><strong><em>XLVIII,</em></strong></span> 
     </span>
     <span class='ocr_line' id='line_1_13' title="bbox 227 1858 1558 1940; baseline 0.002 -19"><span class='ocrx_word' id='word_1_69' title='bbox 227 1862 335 1933; x_wconf 63' lang='lat' dir='ltr'>swa·</span> <span class='ocrx_word' id='word_1_70' title='bbox 364 1860 401 1923; x_wconf 80' lang='lat' dir='ltr'>G.</span> <span class='ocrx_word' id='word_1_71' title='bbox 423 1860 559 1932; x_wconf 75' lang='lat' dir='ltr'>Horellt&#39;,</span> <span class='ocrx_word' id='word_1_72' title='bbox 583 1858 678 1920; x_wconf 75' lang='lat' dir='ltr'>Colat.</span> <span class='ocrx_word' id='word_1_73' title='bbox 699 1860 779 1919; x_wconf 81' lang='lat' dir='ltr'>Mar.</span> <span class='ocrx_word' id='word_1_74' title='bbox 802 1860 912 1937; x_wconf 80' lang='lat' dir='ltr'>Napol.</span> <span class='ocrx_word' id='word_1_75' title='bbox 949 1862 1138 1937; x_wconf 70' lang='lat' dir='ltr'>nuptast.</span> <span class='ocrx_word' id='word_1_76' title='bbox 1181 1864 1311 1922; x_wconf 84' lang='lat' dir='ltr'>Raccolt.</span> <span class='ocrx_word' id='word_1_77' title='bbox 1334 1868 1424 1940; x_wconf 75' lang='lat' dir='ltr'>epipr.</span> <span class='ocrx_word' id='word_1_78' title='bbox 1446 1884 1474 1922; x_wconf 82' lang='lat' dir='ltr'>n.</span> <span class='ocrx_word' id='word_1_79' title='bbox 1490 1865 1558 1923; x_wconf 88' lang='grc'><strong><em>137.</em></strong></span> 
     </span>
     <span class='ocr_line' id='line_1_14' title="bbox 225 1962 1559 2045; baseline 0.001 -22"><span class='ocrx_word' id='word_1_80' title='bbox 225 1964 297 2045; x_wconf 69' lang='lat' dir='ltr'>ligo</span> <span class='ocrx_word' id='word_1_81' title='bbox 316 1966 531 2043; x_wconf 87' lang='lat' dir='ltr'>interpretatus</span> <span class='ocrx_word' id='word_1_82' title='bbox 553 1980 637 2035; x_wconf 89' lang='lat' dir='ltr'>sum,</span> <span class='ocrx_word' id='word_1_83' title='bbox 663 1962 802 2021; x_wconf 79' lang='lat' dir='ltr'>Zeitsclrr.</span> <span class='ocrx_word' id='word_1_84' title='bbox 817 1964 845 2037; x_wconf 86' lang='lat' dir='ltr'>s.</span> <span class='ocrx_word' id='word_1_85' title='bbox 868 1965 956 2039; x_wconf 76' lang='lat' dir='ltr'>uerpt.</span> <span class='ocrx_word' id='word_1_86' title='bbox 974 1962 1042 2039; x_wconf 83' lang='lat' dir='ltr'>Spr.</span> <span class='ocrx_word' id='word_1_87' title='bbox 1058 1964 1117 2035; x_wconf 87' lang='lat' dir='ltr'>XI,</span> <span class='ocrx_word' id='word_1_88' title='bbox 1138 1963 1332 2036; x_wconf 74' lang='lat'><strong><em>338-3635</em></strong></span> <span class='ocrx_word' id='word_1_89' title='bbox 1364 1968 1400 2041; x_wconf 87' lang='lat' dir='ltr'>cs.</span> <span class='ocrx_word' id='word_1_90' title='bbox 1423 1966 1559 2039; x_wconf 80' lang='lat' dir='ltr'>Enderie,</span> 
     </span>
     <span class='ocr_line' id='line_1_15' title="bbox 227 2062 714 2142; baseline -0.014 -14"><span class='ocrx_word' id='word_1_91' title='bbox 227 2066 374 2127; x_wconf 61' lang='lat' dir='ltr'>Ponat.</span> <span class='ocrx_word' id='word_1_92' title='bbox 388 2068 419 2125; x_wconf 78' lang='lat' dir='ltr'>d.</span> <span class='ocrx_word' id='word_1_93' title='bbox 435 2064 505 2125; x_wconf 76' lang='lat' dir='ltr'>Oak.</span> <span class='ocrx_word' id='word_1_94' title='bbox 521 2064 590 2142; x_wconf 84' lang='lat' dir='ltr'>Spr.</span> <span class='ocrx_word' id='word_1_95' title='bbox 612 2084 642 2123; x_wconf 82' lang='lat' dir='ltr'>n.</span> <span class='ocrx_word' id='word_1_96' title='bbox 657 2062 714 2121; x_wconf 87' lang='lat' dir='ltr'>LI.</span> 
     </span>
     <span class='ocr_line' id='line_1_16' title="bbox 311 2166 1558 2243; baseline 0.001 -14"><span class='ocrx_word' id='word_1_97' title='bbox 311 2168 432 2229; x_wconf 80' lang='lat' dir='ltr'>incerta</span> <span class='ocrx_word' id='word_1_98' title='bbox 452 2178 500 2227; x_wconf 88' lang='lat' dir='ltr'>est</span> <span class='ocrx_word' id='word_1_99' title='bbox 519 2167 610 2227; x_wconf 89' lang='lat' dir='ltr'>lectio</span> <span class='ocrx_word' id='word_1_100' title='bbox 632 2166 760 2226; x_wconf 89' lang='lat' dir='ltr'>nominis</span> <span class='ocrx_word' id='word_1_101' title='bbox 783 2166 904 2243; x_wconf 81' lang='lat' dir='ltr'>gentilis</span> <span class='ocrx_word' id='word_1_102' title='bbox 925 2168 957 2226; x_wconf 90' lang='lat' dir='ltr'>in</span> <span class='ocrx_word' id='word_1_103' title='bbox 979 2167 1111 2226; x_wconf 88' lang='lat' dir='ltr'>secundo</span> <span class='ocrx_word' id='word_1_104' title='bbox 1134 2186 1222 2227; x_wconf 81' lang='lat' dir='ltr'>versu</span> <span class='ocrx_word' id='word_1_105' title='bbox 1244 2170 1333 2227; x_wconf 88' lang='lat' dir='ltr'>tituli.</span> <span class='ocrx_word' id='word_1_106' title='bbox 1378 2170 1468 2228; x_wconf 91' lang='lat' dir='ltr'>Initio</span> <span class='ocrx_word' id='word_1_107' title='bbox 1491 2173 1558 2231; x_wconf 88' lang='lat' dir='ltr'>eius</span> 
     </span>
     <span class='ocr_line' id='line_1_17' title="bbox 224 2269 1559 2351; baseline 0.001 -20"><span class='ocrx_word' id='word_1_108' title='bbox 224 2272 349 2331; x_wconf 73' lang='lat' dir='ltr'>listerus</span> <span class='ocrx_word' id='word_1_109' title='bbox 369 2282 397 2331; x_wconf 82' lang='lat' dir='ltr'>st</span> <span class='ocrx_word' id='word_1_110' title='bbox 415 2270 526 2351; x_wconf 78' lang='lat' dir='ltr'>ligatas</span> <span class='ocrx_word' id='word_1_111' title='bbox 546 2288 626 2341; x_wconf 90' lang='lat' dir='ltr'>esse,</span> <span class='ocrx_word' id='word_1_112' title='bbox 648 2288 688 2327; x_wconf 87' lang='lat' dir='ltr'>ex</span> <span class='ocrx_word' id='word_1_113' title='bbox 709 2269 897 2329; x_wconf 86' lang='lat' dir='ltr'>lineamentis</span> <span class='ocrx_word' id='word_1_114' title='bbox 920 2270 1086 2346; x_wconf 75' lang='lat' dir='ltr'>apographi</span> <span class='ocrx_word' id='word_1_115' title='bbox 1108 2272 1132 2327; x_wconf 93' lang='lat' dir='ltr'>I.</span> <span class='ocrx_word' id='word_1_116' title='bbox 1156 2270 1315 2329; x_wconf 85' lang='lat' dir='ltr'>Minerviui</span> <span class='ocrx_word' id='word_1_117' title='bbox 1337 2273 1459 2345; x_wconf 90' lang='lat' dir='ltr'>conieci,</span> <span class='ocrx_word' id='word_1_118' title='bbox 1481 2293 1559 2349; x_wconf 92' lang='lat' dir='ltr'>quae</span> 
     </span>
     <span class='ocr_line' id='line_1_18' title="bbox 222 2370 1557 2451; baseline 0.001 -18"><span class='ocrx_word' id='word_1_119' title='bbox 222 2392 296 2433; x_wconf 83' lang='lat' dir='ltr'>cum</span> <span class='ocrx_word' id='word_1_120' title='bbox 316 2374 417 2451; x_wconf 87' lang='lat' dir='ltr'>ipsius</span> <span class='ocrx_word' id='word_1_121' title='bbox 437 2372 568 2431; x_wconf 87' lang='lat' dir='ltr'>laminae</span> <span class='ocrx_word' id='word_1_122' title='bbox 589 2370 751 2449; x_wconf 83' lang='lat' dir='ltr'>scriptione</span> <span class='ocrx_word' id='word_1_123' title='bbox 772 2372 941 2431; x_wconf 84' lang='lat' dir='ltr'>consentire</span> <span class='ocrx_word' id='word_1_124' title='bbox 963 2372 1109 2432; x_wconf 84' lang='lat' dir='ltr'>dubitanti</span> <span class='ocrx_word' id='word_1_125' title='bbox 1132 2373 1204 2432; x_wconf 91' lang='lat' dir='ltr'>mihi</span> <span class='ocrx_word' id='word_1_126' title='bbox 1226 2394 1321 2449; x_wconf 83' lang='lat' dir='ltr'>nuper</span> <span class='ocrx_word' id='word_1_127' title='bbox 1340 2375 1505 2435; x_wconf 84' lang='lat' dir='ltr'>affirmavit</span> <span class='ocrx_word' id='word_1_128' title='bbox 1519 2376 1557 2437; x_wconf 88' lang='lat' dir='ltr'>G.</span> 
     </span>
     <span class='ocr_line' id='line_1_19' title="bbox 146 2474 688 2549; baseline -0.007 -16"><span class='ocrx_word' id='word_1_129' title='bbox 146 2510 151 2527; x_wconf 90' lang='lat'>·.</span> <span class='ocrx_word' id='word_1_130' title='bbox 223 2474 264 2535; x_wconf 89' lang='lat' dir='ltr'>de</span> <span class='ocrx_word' id='word_1_131' title='bbox 285 2474 396 2547; x_wconf 81' lang='lat' dir='ltr'>Petra3</span> <span class='ocrx_word' id='word_1_132' title='bbox 422 2474 565 2533; x_wconf 69' lang='lat' dir='ltr'>itinera.-</span> <span class='ocrx_word' id='word_1_133' title='bbox 581 2476 688 2549; x_wconf 80' lang='lat' dir='ltr'>flapiu.</span> 
     </span>
     <span class='ocr_line' id='line_1_20' title="bbox 146 2588 1558 2773; baseline 0.004 -30"><span class='ocrx_word' id='word_1_134' title='bbox 146 2588 154 2773; x_wconf 69' lang='lat' dir='ltr'>l</span> <span class='ocrx_word' id='word_1_135' title='bbox 222 2684 337 2745; x_wconf 71' lang='lat'><em>2-8.</em></span> <span class='ocrx_word' id='word_1_136' title='bbox 374 2684 411 2745; x_wconf 92' lang='lat' dir='ltr'>lu</span> <span class='ocrx_word' id='word_1_137' title='bbox 431 2684 547 2743; x_wconf 90' lang='lat' dir='ltr'>duabus</span> <span class='ocrx_word' id='word_1_138' title='bbox 569 2685 696 2742; x_wconf 87' lang='lat' dir='ltr'>cameris</span> <span class='ocrx_word' id='word_1_139' title='bbox 719 2684 921 2743; x_wconf 80' lang='lat' dir='ltr'>subterraneis</span> <span class='ocrx_word' id='word_1_140' title='bbox 944 2686 1074 2761; x_wconf 87' lang='lat' dir='ltr'>sepulcri</span> <span class='ocrx_word' id='word_1_141' title='bbox 1098 2686 1203 2745; x_wconf 81' lang='lat' dir='ltr'>detecti</span> <span class='ocrx_word' id='word_1_142' title='bbox 1227 2686 1264 2744; x_wconf 89' lang='lat' dir='ltr'>ud</span> <span class='ocrx_word' id='word_1_143' title='bbox 1285 2686 1316 2745; x_wconf 80' lang='lat' dir='ltr'>S.</span> <span class='ocrx_word' id='word_1_144' title='bbox 1333 2687 1436 2745; x_wconf 82' lang='lat' dir='ltr'>Maria</span> <span class='ocrx_word' id='word_1_145' title='bbox 1457 2690 1488 2747; x_wconf 87' lang='lat' dir='ltr'>di</span> <span class='ocrx_word' id='word_1_146' title='bbox 1503 2690 1558 2748; x_wconf 84' lang='lat' dir='ltr'>Ca-</span> 
     </span>
     <span class='ocr_line' id='line_1_21' title="bbox 146 2784 1557 2871; baseline 0.005 -27"><span class='ocrx_word' id='word_1_147' title='bbox 146 2784 156 2871; x_wconf 55' lang='grc' dir='ltr'><strong>ὶ</strong></span> <span class='ocrx_word' id='word_1_148' title='bbox 260 2804 330 2865; x_wconf 79' lang='lat' dir='ltr'>pua</span> <span class='ocrx_word' id='word_1_149' title='bbox 350 2806 432 2845; x_wconf 79' lang='lat' dir='ltr'>anuo</span> <span class='ocrx_word' id='word_1_150' title='bbox 455 2786 533 2847; x_wconf 78' lang='lat'><strong>1867</strong></span> <span class='ocrx_word' id='word_1_151' title='bbox 556 2806 575 2845; x_wconf 82' lang='lat' dir='ltr'>a</span> <span class='ocrx_word' id='word_1_152' title='bbox 595 2784 723 2845; x_wconf 88' lang='lat' dir='ltr'>dominis</span> <span class='ocrx_word' id='word_1_153' title='bbox 747 2784 864 2845; x_wconf 74' lang='lat' dir='ltr'>Galosci</span> <span class='ocrx_word' id='word_1_154' title='bbox 885 2797 914 2844; x_wconf 88' lang='lat' dir='ltr'>et</span> <span class='ocrx_word' id='word_1_155' title='bbox 929 2788 1027 2846; x_wconf 81' lang='lat' dir='ltr'>Dorio</span> <span class='ocrx_word' id='word_1_156' title='bbox 1047 2788 1157 2863; x_wconf 87' lang='lat' dir='ltr'>reperti</span> <span class='ocrx_word' id='word_1_157' title='bbox 1180 2800 1249 2847; x_wconf 89' lang='lat' dir='ltr'>suut</span> <span class='ocrx_word' id='word_1_158' title='bbox 1271 2789 1349 2847; x_wconf 91' lang='lat' dir='ltr'>tituli</span> <span class='ocrx_word' id='word_1_159' title='bbox 1372 2792 1557 2868; x_wconf 88' lang='lat' dir='ltr'>sepulcrales</span> 
     </span>
     <span class='ocr_line' id='line_1_22' title="bbox 146 2888 452 2965; baseline -0.01 -16"><span class='ocrx_word' id='word_1_160' title='bbox 146 2892 148 2963; x_wconf 83' lang='lat' dir='ltr'>j</span> <span class='ocrx_word' id='word_1_161' title='bbox 262 2888 452 2965; x_wconf 82' lang='lat' dir='ltr'>complures.</span> 
     </span>
     <span class='ocr_line' id='line_1_23' title="bbox 146 2976 1557 3073; baseline 0.002 -22"><span class='ocrx_word' id='word_1_162' title='bbox 146 2976 148 2985; x_wconf 47' lang='lat'>¹</span> <span class='ocrx_word' id='word_1_163' title='bbox 305 2990 347 3051; x_wconf 92' lang='lat' dir='ltr'>Iu</span> <span class='ocrx_word' id='word_1_164' title='bbox 373 3009 492 3051; x_wconf 81' lang='lat' dir='ltr'>camera</span> <span class='ocrx_word' id='word_1_165' title='bbox 520 2990 629 3049; x_wconf 84' lang='lat' dir='ltr'>dextro</span> <span class='ocrx_word' id='word_1_166' title='bbox 654 2990 758 3049; x_wconf 89' lang='lat' dir='ltr'>titulus</span> <span class='ocrx_word' id='word_1_167' title='bbox 785 2991 874 3049; x_wconf 89' lang='lat' dir='ltr'>rubro</span> <span class='ocrx_word' id='word_1_168' title='bbox 901 2990 1000 3049; x_wconf 86' lang='lat' dir='ltr'>colore</span> <span class='ocrx_word' id='word_1_169' title='bbox 1026 2992 1124 3068; x_wconf 86' lang='lat' dir='ltr'>pictus</span> <span class='ocrx_word' id='word_1_170' title='bbox 1154 2994 1184 3050; x_wconf 92' lang='lat' dir='ltr'>in</span> <span class='ocrx_word' id='word_1_171' title='bbox 1212 3013 1302 3069; x_wconf 69' lang='lat' dir='ltr'>(prere</span> <span class='ocrx_word' id='word_1_172' title='bbox 1329 2996 1467 3069; x_wconf 85' lang='lat' dir='ltr'>tectorio,</span> <span class='ocrx_word' id='word_1_173' title='bbox 1497 3014 1557 3073; x_wconf 91' lang='lat' dir='ltr'>quo</span> 
     </span>
     <span class='ocr_line' id='line_1_24' title="bbox 215 3092 1557 3172; baseline 0.001 -19"><span class='ocrx_word' id='word_1_174' title='bbox 215 3094 290 3153; x_wconf 82' lang='lat' dir='ltr'>lecti</span> <span class='ocrx_word' id='word_1_175' title='bbox 313 3092 445 3153; x_wconf 83' lang='lat' dir='ltr'>alicuius</span> <span class='ocrx_word' id='word_1_176' title='bbox 466 3094 621 3152; x_wconf 90' lang='lat' dir='ltr'>mortuarii</span> <span class='ocrx_word' id='word_1_177' title='bbox 641 3094 805 3172; x_wconf 79' lang='lat' dir='ltr'>marginem</span> <span class='ocrx_word' id='word_1_178' title='bbox 828 3094 1014 3169; x_wconf 88' lang='lat' dir='ltr'>superiorem</span> <span class='ocrx_word' id='word_1_179' title='bbox 1029 3104 1193 3153; x_wconf 86' lang='lat' dir='ltr'>contectum</span> <span class='ocrx_word' id='word_1_180' title='bbox 1209 3096 1305 3155; x_wconf 81' lang='lat' dir='ltr'>tuisse</span> <span class='ocrx_word' id='word_1_181' title='bbox 1320 3098 1480 3156; x_wconf 85' lang='lat' dir='ltr'>verisimile</span> <span class='ocrx_word' id='word_1_182' title='bbox 1502 3109 1557 3171; x_wconf 87' lang='lat' dir='ltr'>est,</span> 
     </span>
    </p>
   </div>
   <div class='ocr_carea' id='block_1_4' title="bbox 146 3112 1202 3274">
    <p class='ocr_par' dir='ltr' id='par_1_9' title="bbox 146 3112 1202 3274">
     <span class='ocr_line' id='line_1_25' title="bbox 146 3112 149 3145; baseline 0 0"><span class='ocrx_word' id='word_1_183' title='bbox 146 3112 149 3145; x_wconf 88' lang='lat' dir='ltr'>l</span> 
     </span>
     <span class='ocr_line' id='line_1_26' title="bbox 146 3150 1202 3274; baseline 0 -19"><span class='ocrx_word' id='word_1_184' title='bbox 146 3150 153 3261; x_wconf 78' lang='lat' dir='ltr'>l</span> <span class='ocrx_word' id='word_1_185' title='bbox 212 3216 301 3257; x_wconf 87' lang='lat' dir='ltr'>nunc</span> <span class='ocrx_word' id='word_1_186' title='bbox 326 3196 425 3256; x_wconf 85' lang='lat' dir='ltr'>tribus</span> <span class='ocrx_word' id='word_1_187' title='bbox 446 3196 619 3274; x_wconf 79' lang='lat' dir='ltr'>fragmentis</span> <span class='ocrx_word' id='word_1_188' title='bbox 641 3205 784 3255; x_wconf 86' lang='lat' dir='ltr'>constans</span> <span class='ocrx_word' id='word_1_189' title='bbox 807 3196 836 3252; x_wconf 91' lang='lat' dir='ltr'>iu</span> <span class='ocrx_word' id='word_1_190' title='bbox 860 3213 962 3253; x_wconf 88' lang='lat' dir='ltr'>museo</span> <span class='ocrx_word' id='word_1_191' title='bbox 984 3194 1202 3273; x_wconf 77' lang='lat' dir='ltr'>Neapolitano:</span> 
     </span>
    </p>
   </div>
   <div class='ocr_carea' id='block_1_5' title="bbox 146 3329 1184 3548">
    <p class='ocr_par' dir='ltr' id='par_1_10' title="bbox 146 3329 1184 3548">
     <span class='ocr_line' id='line_1_27' title="bbox 146 3329 1184 3430; baseline 0.008 -33"><span class='ocrx_word' id='word_1_192' title='bbox 146 3360 148 3397; x_wconf 60' lang='grc' dir='ltr'><strong>ς</strong></span> <span class='ocrx_word' id='word_1_193' title='bbox 257 3352 293 3411; x_wconf 71' lang='lat'>2,</span> <span class='ocrx_word' id='word_1_194' title='bbox 659 3330 779 3430; x_wconf 69' lang='lat' dir='ltr'>upfuls</span> <span class='ocrx_word' id='word_1_195' title='bbox 805 3329 985 3429; x_wconf 45' lang='lat' dir='ltr'>[Qaluviis</span> <span class='ocrx_word' id='word_1_196' title='bbox 1000 3330 1040 3429; x_wconf 82' lang='lat' dir='ltr'>[z]</span> <span class='ocrx_word' id='word_1_197' title='bbox 1056 3331 1184 3429; x_wconf 70' lang='lat' dir='ltr'>minies</span> 
     </span>
     <span class='ocr_line' id='line_1_28' title="bbox 678 3471 1106 3548; baseline 0 -17"><span class='ocrx_word' id='word_1_198' title='bbox 678 3471 820 3548; x_wconf 77' lang='lat' dir='ltr'>Uptatius</span> <span class='ocrx_word' id='word_1_199' title='bbox 842 3472 962 3531; x_wconf 73' lang='lat' dir='ltr'>saurus</span> <span class='ocrx_word' id='word_1_200' title='bbox 985 3473 1106 3531; x_wconf 75' lang='lat' dir='ltr'>nunus.</span> 
     </span>
    </p>
   </div>
   <div class='ocr_carea' id='block_1_6' title="bbox 199 3604 1555 3994">
    <p class='ocr_par' dir='ltr' id='par_1_11' title="bbox 199 3604 1555 3899">
     <span class='ocr_line' id='line_1_29' title="bbox 302 3604 1555 3689; baseline 0.005 -20"><span class='ocrx_word' id='word_1_201' title='bbox 302 3604 458 3669; x_wconf 82' lang='lat' dir='ltr'>Litterum</span> <span class='ocrx_word' id='word_1_202' title='bbox 483 3609 628 3669; x_wconf 84' lang='lat' dir='ltr'>initialem</span> <span class='ocrx_word' id='word_1_203' title='bbox 650 3627 666 3668; x_wconf 93' lang='lat' dir='ltr'>s</span> <span class='ocrx_word' id='word_1_204' title='bbox 692 3610 821 3668; x_wconf 89' lang='lat' dir='ltr'>nominis</span> <span class='ocrx_word' id='word_1_205' title='bbox 844 3608 952 3668; x_wconf 73' lang='lat' dir='ltr'>›S&#39;utuua</span> <span class='ocrx_word' id='word_1_206' title='bbox 978 3629 1048 3687; x_wconf 86' lang='lat' dir='ltr'>ogo,</span> <span class='ocrx_word' id='word_1_207' title='bbox 1076 3630 1143 3669; x_wconf 85' lang='lat' dir='ltr'>curn</span> <span class='ocrx_word' id='word_1_208' title='bbox 1169 3612 1199 3669; x_wconf 93' lang='lat' dir='ltr'>in</span> <span class='ocrx_word' id='word_1_209' title='bbox 1226 3616 1432 3689; x_wconf 86' lang='lat' dir='ltr'>promptuario</span> <span class='ocrx_word' id='word_1_210' title='bbox 1459 3617 1555 3675; x_wconf 88' lang='lat' dir='ltr'>musei</span> 
     </span>
     <span class='ocr_line' id='line_1_30' title="bbox 199 3710 1554 3793; baseline 0.004 -20"><span class='ocrx_word' id='word_1_211' title='bbox 199 3712 423 3791; x_wconf 82' lang='lat' dir='ltr'>Neapolitani</span> <span class='ocrx_word' id='word_1_212' title='bbox 443 3712 560 3771; x_wconf 92' lang='lat' dir='ltr'>titulum</span> <span class='ocrx_word' id='word_1_213' title='bbox 582 3710 774 3783; x_wconf 87' lang='lat' dir='ltr'>delinearem,</span> <span class='ocrx_word' id='word_1_214' title='bbox 797 3712 925 3771; x_wconf 87' lang='lat' dir='ltr'>deletum</span> <span class='ocrx_word' id='word_1_215' title='bbox 947 3713 1047 3772; x_wconf 85' lang='lat' dir='ltr'>inveni</span> <span class='ocrx_word' id='word_1_216' title='bbox 1063 3713 1154 3771; x_wconf 89' lang='lat' dir='ltr'>calcis</span> <span class='ocrx_word' id='word_1_217' title='bbox 1176 3715 1317 3773; x_wconf 78' lang='lat' dir='ltr'>tectoriae</span> <span class='ocrx_word' id='word_1_218' title='bbox 1340 3736 1376 3773; x_wconf 88' lang='lat' dir='ltr'>cu</span> <span class='ocrx_word' id='word_1_219' title='bbox 1397 3728 1481 3793; x_wconf 87' lang='lat' dir='ltr'>parte</span> <span class='ocrx_word' id='word_1_220' title='bbox 1504 3720 1554 3778; x_wconf 90' lang='lat' dir='ltr'>dc-</span> 
     </span>
     <span class='ocr_line' id='line_1_31' title="bbox 199 3812 1000 3892; baseline -0.006 -15"><span class='ocrx_word' id='word_1_221' title='bbox 199 3816 300 3887; x_wconf 79' lang='lat' dir='ltr'>trica,</span> <span class='ocrx_word' id='word_1_222' title='bbox 327 3812 385 3873; x_wconf 82' lang='lat' dir='ltr'>sed</span> <span class='ocrx_word' id='word_1_223' title='bbox 405 3812 445 3873; x_wconf 81' lang='lat' dir='ltr'>G.</span> <span class='ocrx_word' id='word_1_224' title='bbox 467 3814 504 3873; x_wconf 91' lang='lat' dir='ltr'>de</span> <span class='ocrx_word' id='word_1_225' title='bbox 524 3814 618 3873; x_wconf 87' lang='lat' dir='ltr'>Petra</span> <span class='ocrx_word' id='word_1_226' title='bbox 638 3822 728 3871; x_wconf 86' lang='lat' dir='ltr'>autea</span> <span class='ocrx_word' id='word_1_227' title='bbox 748 3814 894 3892; x_wconf 82' lang='lat' dir='ltr'>integram</span> <span class='ocrx_word' id='word_1_228' title='bbox 917 3815 1000 3872; x_wconf 78' lang='lat' dir='ltr'>vidit.</span> 
     </span>
    </p>

    <p class='ocr_par' dir='ltr' id='par_1_12' title="bbox 303 3914 1362 3994">
     <span class='ocr_line' id='line_1_32' title="bbox 303 3914 1362 3994; baseline 0.002 -18"><span class='ocrx_word' id='word_1_229' title='bbox 303 3914 455 3977; x_wconf 83' lang='lat' dir='ltr'>Eiusdem</span> <span class='ocrx_word' id='word_1_230' title='bbox 476 3934 611 3975; x_wconf 82' lang='lat' dir='ltr'>camerae</span> <span class='ocrx_word' id='word_1_231' title='bbox 632 3916 663 3973; x_wconf 90' lang='lat' dir='ltr'>iu</span> <span class='ocrx_word' id='word_1_232' title='bbox 685 3915 763 3975; x_wconf 87' lang='lat' dir='ltr'>lecto</span> <span class='ocrx_word' id='word_1_233' title='bbox 785 3917 949 3975; x_wconf 89' lang='lat' dir='ltr'>mortuurio</span> <span class='ocrx_word' id='word_1_234' title='bbox 972 3916 1102 3994; x_wconf 85' lang='lat' dir='ltr'>scriptae</span> <span class='ocrx_word' id='word_1_235' title='bbox 1123 3928 1208 3976; x_wconf 88' lang='lat' dir='ltr'>eruut</span> <span class='ocrx_word' id='word_1_236' title='bbox 1230 3920 1362 3979; x_wconf 84' lang='lat' dir='ltr'>litterae:</span> 
     </span>
    </p>
   </div>
   <div class='ocr_carea' id='block_1_7' title="bbox 195 4050 1263 4289">
    <p class='ocr_par' dir='ltr' id='par_1_13' title="bbox 195 4050 1263 4289">
     <span class='ocr_line' id='line_1_33' title="bbox 249 4050 1263 4151; baseline 0.011 -29"><span class='ocrx_word' id='word_1_237' title='bbox 249 4072 293 4135; x_wconf 72' lang='grc'>3,</span> <span class='ocrx_word' id='word_1_238' title='bbox 532 4050 730 4151; x_wconf 80' lang='lat' dir='ltr'>kluv[atis]</span> <span class='ocrx_word' id='word_1_239' title='bbox 1105 4072 1263 4133; x_wconf 76' lang='lat' dir='ltr'>Clutatius</span> 
     </span>
     <span class='ocr_line' id='line_1_34' title="bbox 195 4208 1210 4289; baseline -0.007 -14"><span class='ocrx_word' id='word_1_240' title='bbox 195 4222 235 4275; x_wconf 87' lang='lat' dir='ltr'>et</span> <span class='ocrx_word' id='word_1_241' title='bbox 260 4212 303 4271; x_wconf 90' lang='lat' dir='ltr'>in</span> <span class='ocrx_word' id='word_1_242' title='bbox 328 4210 428 4269; x_wconf 87' lang='lat' dir='ltr'>altero</span> <span class='ocrx_word' id='word_1_243' title='bbox 448 4208 526 4269; x_wconf 86' lang='lat' dir='ltr'>lecto</span> <span class='ocrx_word' id='word_1_244' title='bbox 546 4211 712 4270; x_wconf 89' lang='lat' dir='ltr'>mortuario</span> <span class='ocrx_word' id='word_1_245' title='bbox 733 4210 849 4269; x_wconf 88' lang='lat' dir='ltr'>litterae</span> <span class='ocrx_word' id='word_1_246' title='bbox 871 4211 956 4289; x_wconf 80' lang='lat' dir='ltr'>nigro</span> <span class='ocrx_word' id='word_1_247' title='bbox 979 4211 1079 4270; x_wconf 89' lang='lat' dir='ltr'>colore</span> <span class='ocrx_word' id='word_1_248' title='bbox 1102 4212 1210 4287; x_wconf 83' lang='lat' dir='ltr'>pictae:</span> 
     </span>
    </p>
   </div>
   <div class='ocr_carea' id='block_1_8' title="bbox 246 4327 1348 4415">
    <p class='ocr_par' dir='ltr' id='par_1_14' title="bbox 246 4327 1348 4415">
     <span class='ocr_line' id='line_1_35' title="bbox 246 4327 1348 4415; baseline 0.011 -17"><span class='ocrx_word' id='word_1_249' title='bbox 246 4352 294 4415; x_wconf 77' lang='lat'>4,</span> <span class='ocrx_word' id='word_1_250' title='bbox 532 4327 773 4403; x_wconf 90' lang='lat' dir='ltr'>min.u....</span> <span class='ocrx_word' id='word_1_251' title='bbox 1102 4350 1348 4409; x_wconf 81' lang='lat' dir='ltr'>MiniusU....</span> 
     </span>
    </p>
   </div>
   <div class='ocr_carea' id='block_1_9' title="bbox 196 4486 1554 4667">
    <p class='ocr_par' dir='ltr' id='par_1_15' title="bbox 196 4486 1554 4667">
     <span class='ocr_line' id='line_1_36' title="bbox 303 4486 1554 4564; baseline 0.002 -17"><span class='ocrx_word' id='word_1_252' title='bbox 303 4486 343 4547; x_wconf 88' lang='lat' dir='ltr'>lu</span> <span class='ocrx_word' id='word_1_253' title='bbox 368 4503 487 4547; x_wconf 83' lang='lat' dir='ltr'>camera</span> <span class='ocrx_word' id='word_1_254' title='bbox 507 4486 630 4547; x_wconf 85' lang='lat' dir='ltr'>sinistra</span> <span class='ocrx_word' id='word_1_255' title='bbox 651 4486 757 4546; x_wconf 82' lang='lat' dir='ltr'>titulus</span> <span class='ocrx_word' id='word_1_256' title='bbox 778 4489 868 4547; x_wconf 90' lang='lat' dir='ltr'>rubro</span> <span class='ocrx_word' id='word_1_257' title='bbox 891 4488 991 4547; x_wconf 91' lang='lat' dir='ltr'>colore</span> <span class='ocrx_word' id='word_1_258' title='bbox 1013 4488 1110 4564; x_wconf 90' lang='lat' dir='ltr'>pictus</span> <span class='ocrx_word' id='word_1_259' title='bbox 1134 4490 1164 4546; x_wconf 91' lang='lat' dir='ltr'>in</span> <span class='ocrx_word' id='word_1_260' title='bbox 1186 4490 1308 4547; x_wconf 87' lang='lat' dir='ltr'>tectorio</span> <span class='ocrx_word' id='word_1_261' title='bbox 1331 4491 1399 4548; x_wconf 84' lang='lat' dir='ltr'>lecti</span> <span class='ocrx_word' id='word_1_262' title='bbox 1422 4502 1554 4550; x_wconf 88' lang='lat' dir='ltr'>mortua·</span> 
     </span>
     <span class='ocr_line' id='line_1_37' title="bbox 196 4588 787 4667; baseline -0.012 -13"><span class='ocrx_word' id='word_1_263' title='bbox 196 4594 256 4667; x_wconf 87' lang='lat' dir='ltr'>rii,</span> <span class='ocrx_word' id='word_1_264' title='bbox 284 4588 428 4649; x_wconf 88' lang='lat' dir='ltr'>nuncin</span> <span class='ocrx_word' id='word_1_265' title='bbox 449 4606 552 4649; x_wconf 89' lang='lat' dir='ltr'>musco</span> <span class='ocrx_word' id='word_1_266' title='bbox 573 4588 787 4667; x_wconf 87' lang='lat' dir='ltr'>Neapolitano:</span> 
     </span>
    </p>
   </div>
   <div class='ocr_carea' id='block_1_10' title="bbox 202 4724 1119 5069">
    <p class='ocr_par' dir='ltr' id='par_1_16' title="bbox 202 4724 1119 5069">
     <span class='ocr_line' id='line_1_38' title="bbox 249 4724 1119 4825; baseline 0 -26"><span class='ocrx_word' id='word_1_267' title='bbox 249 4746 291 4811; x_wconf 69' lang='grc' dir='ltr'>ε,</span> <span class='ocrx_word' id='word_1_268' title='bbox 669 4725 789 4825; x_wconf 84' lang='lat' dir='ltr'>upsals</span> <span class='ocrx_word' id='word_1_269' title='bbox 806 4782 814 4798; x_wconf 88' lang='lat'><strong>.</strong></span> <span class='ocrx_word' id='word_1_270' title='bbox 829 4724 927 4825; x_wconf 86' lang='lat' dir='ltr'>patir</span> <span class='ocrx_word' id='word_1_271' title='bbox 942 4780 950 4797; x_wconf 92' lang='lat'><strong>.</strong></span> <span class='ocrx_word' id='word_1_272' title='bbox 966 4724 1119 4799; x_wconf 84' lang='lat' dir='ltr'>rnitnicis</span> 
     </span>
     <span class='ocr_line' id='line_1_39' title="bbox 709 4866 1074 4943; baseline -0.011 -16"><span class='ocrx_word' id='word_1_273' title='bbox 709 4866 851 4943; x_wconf 84' lang='lat' dir='ltr'>Upfulius</span> <span class='ocrx_word' id='word_1_274' title='bbox 874 4878 958 4942; x_wconf 87' lang='lat' dir='ltr'>pater</span> <span class='ocrx_word' id='word_1_275' title='bbox 979 4866 1074 4937; x_wconf 83' lang='lat' dir='ltr'>Minii,</span> 
     </span>
     <span class='ocr_line' id='line_1_40' title="bbox 202 5003 973 5069; baseline -0.01 0"><span class='ocrx_word' id='word_1_276' title='bbox 202 5018 238 5069; x_wconf 82' lang='lat' dir='ltr'>et</span> <span class='ocrx_word' id='word_1_277' title='bbox 260 5008 299 5067; x_wconf 86' lang='lat' dir='ltr'>in</span> <span class='ocrx_word' id='word_1_278' title='bbox 321 5004 425 5065; x_wconf 71' lang='lat' dir='ltr'>altero</span> <span class='ocrx_word' id='word_1_279' title='bbox 446 5003 524 5063; x_wconf 90' lang='lat' dir='ltr'>lecto</span> <span class='ocrx_word' id='word_1_280' title='bbox 545 5003 681 5063; x_wconf 86' lang='lat' dir='ltr'>eiusdem</span> <span class='ocrx_word' id='word_1_281' title='bbox 701 5022 838 5063; x_wconf 87' lang='lat' dir='ltr'>camerae</span> <span class='ocrx_word' id='word_1_282' title='bbox 859 5004 973 5061; x_wconf 87' lang='lat' dir='ltr'>littera:</span> 
     </span>
    </p>
   </div>
   <div class='ocr_carea' id='block_1_11' title="bbox 144 5144 1016 5243">
    <p class='ocr_par' dir='ltr' id='par_1_17' title="bbox 144 5144 1016 5243">
     <span class='ocr_line' id='line_1_41' title="bbox 144 5144 1016 5243; baseline 0.003 -49"><span class='ocrx_word' id='word_1_283' title='bbox 144 5183 147 5243; x_wconf 38' lang='grc' dir='ltr'>ἑ</span> <span class='ocrx_word' id='word_1_284' title='bbox 251 5144 291 5207; x_wconf 67' lang='grc'>0,</span> <span class='ocrx_word' id='word_1_285' title='bbox 776 5150 888 5197; x_wconf 91' lang='lat' dir='ltr'>...u</span> <span class='ocrx_word' id='word_1_286' title='bbox 903 5176 1016 5197; x_wconf 72' lang='lat'>.....</span> 
     </span>
    </p>
   </div>
   <div class='ocr_carea' id='block_1_12' title="bbox 0 0 1734 6292">
    <p class='ocr_par' dir='ltr' id='par_1_18' title="bbox 0 0 1734 6292">
     <span class='ocr_line' id='line_1_42' title="bbox 0 0 1734 6292; baseline 0 2"><span class='ocrx_word' id='word_1_287' title='bbox 0 0 1734 6292; x_wconf 95' lang='lat' dir='ltr'> </span> 
     </span>
    </p>
   </div>
  </div>
 </body>
</html>
