3458 6292
201 506 271 575 162
784 525 960 576 creussen:

200 629 385 636 —.——-
395 629 407 634 ..
415 629 661 635 ———-—.--—
668 629 674 633 -
686 630 690 634 .
698 628 1146 636 --..-..--..--.---..ι.

195 697 245 757 13.
289 698 415 756 Lamina
436 699 536 757 fictilis
558 700 651 757 stelae
672 699 782 772 forma,
810 700 841 757 in
868 699 962 756 altera
988 708 1073 773 parte
1103 698 1168 775 apri
1198 697 1297 774 effigia
1319 697 1474 766 decorata,
1496 696 1527 753 iu

237 801 332 859 altera
363 801 458 860 tribus
494 802 674 859 ornamentis
707 801 744 859 ad
777 801 882 859 florum
915 800 1141 859 similitudinem
1167 800 1335 875 expressis,
1375 798 1529 873 utrimque

237 904 390 979 inscripta,
417 904 539 962 inventa
565 905 608 961 ae’
631 904 719 978 soadi
745 904 792 962 del
812 908 865 979 sip.
893 902 1045 962 Pattorelli
1071 903 1129 960 alla
1154 901 1246 972 Carti,
1274 920 1324 959 oea
1350 900 1530 959 estmdeeaai

237 1007 357 1065 l’aatico
372 1007 482 1082 Capua,
505 1023 565 1064 non
588 1005 679 1063 multo
702 1005 869 1064 antediem
898 1006 1037 1065 lmensis
1061 1003 1202 1064 Octobris
1224 1003 1364 1077 a1873,
1388 1021 1470 1062 nunc
1497 1004 1529 1061 in

239 1126 343 1167 musco
373 1106 534 1184 Capuano:
1091 1086 1096 1095 ⁴

322 1285 349 1322 a.
371 1264 402 1322 in
425 1276 509 1341 parte
532 1265 628 1323 tribus
650 1265 831 1325 ornamentis
852 1264 913 1323 illis
935 1264 1058 1343 insigni:

450 1383 592 1458 minieis
612 1441 619 1456 .
639 1382 823 1458 kalsillicis
843 1438 851 1455 .
870 1382 1039 1458 minateis
1059 1437 1067 1454 .
1086 1382 1243 1479 ner(um)

451 1505 536 1580 elas
557 1563 564 1578 .
585 1504 715 1580 iuvilas
736 1563 744 1578 .
764 1505 860 1579 nivei
880 1563 888 1577 .
907 1503 1031 1604 flagiui

501 1608 640 1682 slahint

322 1767 351 1824 b.
375 1767 405 1824 in
427 1767 521 1826 altera
541 1776 627 1843 parte
649 1767 713 1844 apri
736 1766 835 1844 effigie
857 1775 976 1825 ornata:

452 1901 621 1976 minnieis
641 1959 649 1974 .
669 1900 853 1976 kaisillicls
872 1957 880 1974 .
896 1901 1064 1976 minateis
1084 1959 1093 1974 .
1112 1902 1262 1999 ner(um)

449 2025 536 2099 elias
556 2083 564 2097 .
585 2023 716 2098 iuvilas
736 2081 744 2096 .
764 2023 860 2098 iv'vvci
882 2081 889 2097 .
909 2023 1062 2123 flagiul.
1084 2022 1222 2099 stahint

409 2174 666 2256 Minii,'Caisillii,
689 2183 811 2241 Minatis
827 2183 972 2243 nobilium

408 2287 464 2344 hae
485 2286 624 2344 iuvantes
645 2303 695 2344 res
718 2285 872 2361 (deliciae)
894 2286 960 2344 Iovi
981 2285 1175 2365 Fulguratori
1197 2293 1277 2345 stent
1298 2282 1448 2361 (sacrae).

278 2422 380 2481 Edidit
412 2433 440 2481 et
472 2424 687 2499 interpretatus
716 2434 762 2481 est
793 2423 819 2480 I.
842 2421 1008 2493 Mineraini,
1041 2424 1179 2481 Balletin.
1213 2423 1291 2481 della
1328 2418 1533 2479 Commiaaion.

196 2524 375 2582 Consercatr.
406 2526 437 2582 di
472 2526 561 2584 Terra
592 2527 624 2582 di
657 2524 787 2596 Lava-0,
824 2525 933 2583 Toraat
963 2525 1011 2583 del
1039 2527 1055 2584 1
1089 2525 1179 2585 Ottoh.
1206 2525 1296 2597 1873,
1325 2543 1359 2600 p.
1389 2522 1533 2582 99.1oo.

194 2628 331 2702 Apparet
351 2627 381 2685 in
405 2636 530 2702 utroque
552 2626 644 2686 latare
659 2628 786 2686 laminae
802 2627 849 2685 vel
864 2627 957 2685 stelae
973 2628 1075 2685 eadem
1092 2628 1182 2687 verba
1197 2626 1278 2686 Osca
1299 2625 1377 2701 legi,
1403 2642 1534 2701 quornm

194 2727 253 2784 duo
275 2730 372 2805 prima
394 2730 556 2804 scriptione
583 2748 619 2787 eo
642 2730 797 2800 differunt,
828 2729 908 2804 quod
935 2729 1032 2786 altera
1051 2746 1123 2807 pars
1149 2728 1238 2787 habet
1258 2728 1379 2786 Minicia
1404 2736 1437 2786 et
1458 2726 1536 2785 Kai-

195 2830 305 2902 silliels,
338 2830 433 2888 altera
460 2831 594 2889 dilaniata
627 2840 656 2889 et
683 2831 855 2890 Kaiailliev's.
899 2827 951 2890 Sic
979 2849 1070 2909 supra
1098 2830 1228 2889 vidimus
1256 2830 1385 2889 eandem
1414 2829 1536 2888 dedicu-

195 2932 287 2989 tionis
309 2932 467 2991 formulam
490 2933 604 2993 Ossam
626 2935 671 2992 bis
693 2933 833 3010 scriptam
856 2950 923 2992 esse
946 2935 977 2991 in
999 2934 1112 2991 lamina
1132 2932 1216 2991 fictili
1238 2930 1388 3008 Capuana
1409 2931 1453 3009 (a.
1469 2930 1535 3007 10).

199 3032 330 3092 Genitivi
352 3037 504 3094 nominum
527 3036 646 3094 Minicia
662 3036 838 3112 (Miaaieia),
861 3034 1024 3094 Kolaillieit
1039 3033 1232 3111 (Kaisilliela)
1254 3034 1392 3093 eiusdem
1414 3036 1536 3113 generis

195 3144 264 3194 sunt
286 3155 320 3195 ac
344 3137 474 3196 Miiaieta
497 3137 539 3212 (a.
563 3139 607 3212 5),
633 3137 799 3207 ll'iumsier's,
825 3138 1007 3209 Maelilctieia,
1035 3137 1235 3208 karabeanieia
1262 3145 1371 3195 contra
1394 3137 1535 3197 dfinateia

194 3238 356 3314 respondet
378 3240 518 3317 genitivis
541 3238 747 3311 Ldolvaaatets,
769 3240 965 3311 Hereatatev'a,
987 3251 1018 3298 et
1038 3258 1146 3298 nomeu
1173 3238 1284 3317 gentile
1310 3248 1360 3297 est
1381 3238 1536 3314 particula

195 3343 251 3398 -ati
272 3340 372 3398 adfixa
393 3340 567 3413 formatum,
594 3342 696 3419 qualia
722 3350 751 3400 et
772 3342 975 3401 Romanorum
1002 3349 1033 3399 et
1061 3341 1257 3400 Etruscorum
1283 3340 1385 3400 luisse
1412 3350 1535 3402 conant

194 3441 300 3517 (Orati.
327 3443 419 3502 Inscr.
446 3444 536 3501 Heus.
564 3445 627 3516 III,
648 3465 678 3520 p.
700 3445 768 3504 213.
811 3444 954 3516 Huebaer,
988 3443 1106 3515 Quaest.
1133 3462 1222 3502 onom.
1246 3462 1278 3519 p.
1305 3442 1358 3501 18.
1391 3442 1426 3503 G.
1456 3442 1535 3503 Ii'n't

194 3544 286 3603 Beitr.
314 3564 344 3621 p.
370 3546 443 3604 565.
469 3546 536 3605 566.
571 3545 603 3603 C.
632 3547 761 3622 Spraole
793 3547 843 3604 der
863 3545 1009 3604 Etraaker
1028 3546 1056 3616 I,
1083 3546 1145 3604 291
1172 3565 1215 3622 aq.
1243 3546 1332 3622 298).
1380 3545 1534 3623 Nedum),

195 3646 276 3721 quod
298 3667 358 3706 non
381 3648 527 3727 integrum
548 3665 617 3707 esse
639 3651 781 3725 scriptum
805 3647 879 3705 vidit
901 3648 1068 3719 Minervini,
1092 3649 1234 3726 supplevi
1255 3667 1272 3706 o
1294 3648 1435 3727 genitivo
1457 3648 1534 3728 plur.
1573 3704 1575 3711 .

193 3767 292 3807 aeram
328 3750 448 3808 tabulas
474 3750 622 3809 Bantinaa
651 3751 689 3825 (a.
715 3750 762 3809 29.
789 3749 857 3825 31),
889 3769 977 3826 quem
1009 3750 1190 3828 comparatis
1223 3747 1409 3809 Umbrorum
1446 3752 1536 3810 huius
1572 3742 1575 3819 J

194 3851 334 3910 vocabuli
362 3852 481 3910 casibus
508 3855 593 3927 ner-s
613 3871 674 3911 acc.
700 3852 776 3930 plur.
804 3863 834 3910 ct
859 3870 955 3910 ner-aa
981 3851 1041 3909 dat„
1069 3853 1146 3929 plur.
1175 3852 1382 3912 demonstrari
1409 3855 1535 3934 proprie

196 3954 365 4032 significare
384 3956 522 4029 sortium,
554 3956 623 4014 inde
650 3955 801 4025 nobilium,
830 3957 996 4031 principum
1017 3953 1068 4029 (Z.
1083 3957 1112 4030 s.
1133 3953 1222 4031 oerpl.
1246 3953 1315 4031 Spa.
1350 3954 1384 4015 V.
1407 3956 1473 4016 117
1491 3975 1533 4033 sq.

196 4059 232 4132 cs.
260 4057 424 4128 Minerciai,
452 4057 471 4115 1.
500 4056 549 4132 c).
602 4057 685 4114 Elaea
714 4057 820 4116 incitas
850 4065 920 4115 sunt
945 4056 1122 4115 nominativi
1150 4055 1228 4133 plur.
1255 4056 1324 4114 lem.
1353 4065 1388 4116 ut
1418 4058 1532 4129 ekae-l,

195 4178 274 4229 naua,
286 4163 413 4236 sanstus,
425 4159 567 4236 quoniam
582 4159 745 4218 accusativi
757 4159 833 4237 plur.
846 4158 980 4217 eiusdem
991 4158 1198 4219 declinationis
1211 4158 1305 4229 elasa,
1327 4162 1413 4219 uiuae
1426 4168 1535 4219 exeunt

197 4262 230 4318 iu
251 4281 290 4318 aa.
333 4262 441 4337 ltaque
462 4263 569 4319 tuellas
586 4263 803 4320 substantivum
819 4262 999 4339 comparatis
1014 4261 1114 4320 verbis
1135 4260 1254 4320 Latinis
1275 4264 1358 4319 iuvat
1380 4260 1533 4339 (delectat)

196 4370 225 4420 ct
237 4365 377 4421 iucundas
391 4365 571 4441 interpretor
585 4383 631 4422 rea
645 4368 782 4436 iuvantes,
804 4383 849 4423 rea
864 4365 1013 4435 iucundae,
1033 4363 1153 4422 deliciae
1167 4354 1533 4445 (xapmn'pvamaraa'am),

197 4484 275 4540 quae
297 4466 437 4525 videlicet
458 4485 477 4523 a
498 4467 650 4525 nobilibus
673 4463 825 4542 Capuanis
847 4466 877 4524 in
900 4466 988 4524 titulo
1010 4465 1170 4524 nominatis
1183 4464 1249 4523 Ioni
1270 4464 1436 4526 dedicatae
1457 4474 1532 4527 aaut.

195 4567 278 4626 laisei
299 4568 423 4645 Flapiat'
452 4570 567 4645 optima
588 4569 703 4627 ratione
724 4568 749 4627 1.
771 4568 931 4627 Minervini
952 4568 1116 4645 explicavit
1136 4568 1201 4626 Iovi
1222 4566 1439 4643 Fblparatori,
1470 4586 1552 4629 cam.

196 4688 359 4746 cognomen
386 4672 434 4729 dei
462 4673 583 4748 Flapiav'
613 4672 744 4730 ciusdem
772 4671 875 4747 stirpis
902 4670 944 4729 sit
970 4680 1003 4729 ut
1028 4669 1203 4727 Latinorum
1229 4670 1383 4747 stuprare,
1408 4668 1554 4751 sabens

189 4773 304 4849 sulpur,
319 4774 433 4851 sulpur,
457 4772 641 4834 Graecorum
658 4765 787 4850 φλέγειν,
809 4762 891 4853 φλόξ
906 4770 956 4850 (C.
973 4772 1100 4848 Ausspr.
1115 4770 1163 4843 II,
1177 4768 1243 4831 154.
1257 4772 1303 4831 ed.
1319 4770 1369 4851 2).
1392 4770 1552 4857 Dmiqw.

196 4876 360 4934 studiat:
391 4887 464 4936 stent
495 4877 700 4936 coniunctivus
733 4884 780 4934 est
811 4875 943 4935 ciusdem
975 4874 1095 4952 generis
1138 4892 1174 4934 ac
1194 4876 1265 4935 stult
1282 4894 1323 4927 ιι
1342 4882 1414 4951 m,
1433 4860 1548 4944 Udi:

196 4979 318 5049 deioaid,
352 4996 370 5034 a
402 4983 486 5038 atoiet
518 5003 555 5028 =
589 4989 662 5037 stent
694 4977 785 5037 simili
817 4977 930 5035 ratione
962 4977 1100 5035 diversus
1132 4983 1167 5036 ut
1195 4974 1308 5035 Latina
1339 4980 1406 5039 u'nt
1426 4998 1449 5041 υ
1465 4982 1515 5041 cl·

197 5078 248 5154 (0.
272 5079 397 5155 Auaapr.
421 5082 449 5150 I,
469 5080 537 5139 352.
554 5081 626 5139 728.
650 5083 693 5139 ed.
716 5081 744 5139 2.
787 5079 898 5138 Eader.
922 5079 1069 5138 Fornacal.
1092 5080 1121 5139 d.
1146 5076 1218 5141 Oak.
1232 5074 1306 5157 Spr-
1322 5094 1361 5157 p.
1375 5078 1448 5159 32).
1468 5078 1519 5157 Q!

198 5182 289 5239 verbo
311 5180 384 5241 Osci
419 5190 541 5241 utuntur
572 5184 602 5241 iu
635 5182 831 5243 dedicationis
861 5182 1007 5256 formulis,
1041 5190 1075 5241 ut
1103 5178 1214 5243 Umbri
1243 5178 1354 5255 eodm
1382 5180 1507 5273 πῶυΙ
