3682 5964
560 602 635 653 nux
654 603 736 652 oon.
757 603 984 654 onunmvan.
1323 651 1330 666 ‚
1364 585 1432 656 131

121 707 139 712 .-
165 707 224 714 -.-.-
642 705 997 713 --.·-—·---—...---—-.

121 781 184 840 urbe
208 799 234 838 a
259 799 288 837 n.
310 799 336 838 c.
359 778 418 839 560
447 785 600 838 senatores
628 796 687 836 non
716 777 814 836 solum
842 777 1014 853 promiscue
1042 787 1178 854 spectare
1207 777 1352 850 desiisse,
1384 780 1436 838 sed

120 885 202 942 etiam
222 891 333 942 statum
355 882 385 940 in
408 882 523 940 theatro
544 882 644 940 locum
665 880 849 938 orchestram
871 881 1021 956 accepisse
1033 879 1072 955 ¹),
1094 881 1183 958 plane
1202 889 1234 940 ut
1247 880 1304 940 hac
1319 900 1437 959 quoque

120 987 176 1062 lege
201 993 333 1044 cauetur.
377 981 481 1044 Simile
510 985 557 1042 ius
587 983 736 1061 equitibus
763 1000 882 1058 quoque
906 983 1003 1042 luisse
1029 1001 1084 1040 neo
1111 984 1185 1042 haec
1212 985 1263 1042 lex
1279 984 1439 1062 significat

121 1107 205 1164 neque
226 1087 307 1146 Iulia
334 1086 537 1164 municipalis,
563 1103 660 1161 neque
687 1083 768 1144 aliud
794 1085 858 1142 eius
884 1085 958 1144 iuris
983 1095 1071 1143 extra
1091 1085 1193 1144 urbem
1214 1087 1372 1164 propagati
1392 1087 1438 1146 in·

121 1189 217 1248 dicium
245 1189 341 1248 ullum
363 1189 497 1266 repperi,
525 1197 558 1246 nt
578 1207 654 1265 quae
678 1186 714 1246 de
736 1207 772 1246 ea
792 1205 824 1244 re
846 1187 927 1263 leges
948 1186 1025 1246 latae
1048 1193 1131 1259 suut,
1157 1187 1195 1246 ad
1218 1189 1313 1248 solam
1336 1190 1435 1248 urbem

123 1292 291 1370 pertinuisse
315 1291 481 1350 videantur.

192 1393 233 1454 Ut
258 1393 296 1452 de
324 1394 388 1452 iura
415 1393 606 1453 decurionum
634 1411 693 1452 non
719 1394 888 1471 promiscue
914 1392 1067 1468 spectandi
1089 1410 1166 1468 quae
1187 1392 1259 1453 alibi
1274 1373 1437 1452 ‘baduntur
1465 1395 1564 1458 Quibus

123 1498 186 1554 haec
210 1495 257 1554 lex
284 1496 443 1555 confirmat
468 1504 499 1554 et
523 1496 669 1568 illustrat,
697 1496 741 1554 ita
761 1495 888 1572 primum
910 1495 1078 1553 accuratius
1101 1495 1291 1567 determinat,
1317 1497 1438 1574 quinam
1450 1471 1554 1608 ⁸1:2thss
1556 1545 1581 1592 ui

123 1606 227 1674 praeter
247 1599 333 1678 ipsos
355 1599 531 1658 decuriones
553 1599 591 1657 ad
612 1599 678 1656 cius
700 1597 773 1656 iuris
796 1597 1031 1656 communionem
1046 1595 1186 1657 Caesarie
1207 1597 1323 1657 scilicet
1339 1606 1436 1658 aetate
1453 1617 1520 1668 inter
1532 1618 1576 1666 de·

124 1701 342 1760 admitterentur.
387 1699 465 1761 Sunt
486 1710 583 1760 autem
605 1701 644 1758 hi.
1202 1737 1205 1748 ·
1452 1692 1570 1742 cffll⁰¹¹0⁸

197 1806 223 1862 1.
257 1804 455 1881 Magistratus
477 1821 571 1879 prove
592 1804 768 1880 magistratu
791 1801 926 1862 coloniae
947 1802 999 1879 qui
1021 1802 1090 1873 sint,
1111 1811 1145 1860 ut
1165 1804 1195 1860 in
1216 1803 1299 1862 curia
1318 1803 1436 1877 adsunt,

124 1905 183 1962 licet
201 1905 257 1982 ipsi
279 1915 436 1966 senatores
458 1925 518 1964 non
540 1905 609 1978 sint,
631 1905 675 1964 ita
695 1905 727 1963 in
747 1905 863 1963 theatro
884 1923 1003 1982 quoque
1024 1905 1213 1964 senatoribus
1232 1923 1284 1965 eos
1300 1905 1437 1966 adsidere

123 2008 265 2066 lexueret
286 2009 316 2080 6,
337 2008 477 2068 13-17:
501 2010 582 2085 quiue
604 2017 660 2066 tum
681 2009 868 2084 magistratus
888 2011 1037 2084 imperium
1054 2016 1254 2083 potestatemve
1275 2009 1437 2067 colonorum

124 2111 247 2185 suffrapic
262 2120 353 2204 Q
373 2115 506 2186 iussuque
528 2109 559 2170 C.
586 2110 719 2170 Cumanis
747 2111 897 2168 dictatoris
922 2109 1047 2168 consulis
1070 2128 1162 2185 proce
1183 2110 1296 2170 consule
1317 2111 1438 2182 lababit,

123 2235 194 2304 paics
210 2249 264 2308 pro
287 2251 345 2308 pree
368 2235 484 2308 imperto
503 2241 640 2308 potestate
662 2241 718 2290 tum
741 2230 905 2290 incolumia
931 2229 1067 2290 Genetiva
1089 2234 1150 2289 crit.
1190 2231 1226 2290 ln
1248 2232 1321 2290 urbe
1344 2233 1437 2309 magi·

124 2333 251 2392 abaubus
273 2341 336 2392 tam
359 2335 389 2394 in
412 2334 490 2392 circo
512 2352 601 2410 quam
623 2335 653 2391 in
675 2335 793 2392 theatro
814 2351 871 2392 sua
891 2333 959 2392 loca
980 2327 1120 2410 erant¹),
1147 2351 1223 2410 quae
1246 2334 1438 2394 decurionum

123 2433 188 2493 locis
208 2436 425 2511 comprehensa
446 2437 540 2495 luisse
562 2437 621 2493 iam
643 2436 831 2514 intellegitur.

196 2535 222 2596 i.
263 2537 384 2613 Quibus
413 2539 606 2597 decurionum
633 2537 752 2597 decreto
780 2537 867 2596 locus
895 2537 983 2597 datus
1010 2547 1057 2598 est
1081 2541 1158 2598 inter
1184 2539 1359 2598 decuriones
1387 2540 1437 2615 (li,

127 2637 262 2715 17-19),
289 2641 310 2698 ii
338 2639 399 2699 iere
427 2651 506 2710 sunt,
535 2641 642 2717 quibus
668 2649 843 2699 ornamenta
870 2640 1073 2700 decurionalia
1098 2642 1168 2700 data
1191 2641 1331 2700 relictave
1357 2649 1437 2714 sunt,

124 2759 182 2798 nam
207 2742 282 2802 inter
310 2761 348 2801 ea
367 2738 463 2802 ‘locus
485 2744 653 2802 senatorius
676 2737 778 2814 ludis',
803 2752 837 2800 ut
859 2740 1004 2819 Cicerol)
1026 2743 1082 2816 ait,
1109 2745 1173 2802 aive
1193 2738 1378 2803 ‘consessus'
1400 2745 1438 2803 ab

123 2842 213 2902 ordine
233 2845 334 2916 datus,
356 2851 389 2903 ut
410 2854 456 2930 est
477 2845 508 2904 in
529 2845 616 2904 titulo
637 2843 904 2923 Lugudunensi⁴)‚
927 2843 975 2904 vel
996 2845 1189 2922 praecipuum
1210 2855 1266 2905 est.

195 2945 222 3004 3.
269 2945 411 3008 Senatori
442 2947 548 3026 populi
576 2945 706 3006 Romani
738 2948 826 3024 quive
854 2954 974 3005 senator
1002 2947 1076 3019 luit,
1109 2947 1180 3007 item
1208 2947 1269 3006 filio
1298 2950 1362 3007 eius
1390 2948 1439 3009 ius

125 3063 183 3105 esse
207 3049 238 3108 in
265 3048 394 3108 coloniis
421 3049 627 3125 municipiisve
653 3050 775 3108 sedendi
800 3049 877 3108 inter
899 3049 1073 3109 decuriones
1095 3049 1139 3126 (7,
1155 3049 1183 3110 2.
1204 3027 1237 3126 3')
1259 3069 1325 3110 oum
1351 3061 1440 3110 antea

123 3167 230 3225 quoqne
260 3151 456 3221 obtinuisset,
483 3153 640 3228 Augustus
672 3151 844 3230 diligentius
876 3151 1027 3228 sanxitl).
1076 3151 1162 3211 Idem
1193 3151 1319 3212 Polemo
1348 3153 1437 3213 Ponti

123 3269 185 3322 rer,
209 3271 275 3311 cnm
295 3253 376 3312 inter
403 3254 501 3313 socios
529 3260 559 3312 et
585 3254 698 3312 amicos
728 3252 832 3331 populi
853 3251 982 3312 Romani
1010 3253 1177 3329 adscriptus
1205 3265 1299 3326 esset,
1325 3256 1356 3314 in
1383 3274 1438 3314 suo

123 3371 203 3428 regno
230 3356 420 3414 senatoribus
448 3357 551 3434 populi
568 3355 702 3415 Romani
730 3354 915 3433 permisit⁶).
959 3353 1087 3416 Senator
1113 3357 1165 3432 qui
1193 3357 1251 3415 luit
1270 3376 1337 3416 cum
1358 3378 1439 3418 com·

123 3463 299 3528 memoratur,
322 3457 360 3516 de
381 3457 520 3518 damnato
542 3457 719 3534 praesertim
740 3457 788 3516 vel
810 3478 829 3518 a
849 3475 973 3518 censore
995 3457 1098 3517 ordine
1119 3467 1201 3519 moto
1220 3459 1338 3519 videtur
1358 3461 1439 3538 cogi·

123 3565 205 3616 tatnm
226 3577 302 3620 esse.

190 3809 211 3870 ¹)
239 3811 342 3862 Vitrur.
357 3811 382 3874 5,
397 3813 422 3876 6,
438 3814 468 3863 2:
487 3813 514 3862 in
527 3810 656 3863 orchestra
669 3819 902 3864 autemsenatorum
914 3811 1307 3881 suntsedibuslocadesiqratu.
1332 3813 1437 3866 Sueten.

123 3897 183 3964 Aug.
199 3901 246 3953 ³5:
267 3905 427 3972 mrcaeitque
445 3905 519 3956 etiam
537 3905 663 3956 remeatis
681 3905 778 3972 inaiqne
796 3906 872 3956 uestis
889 3912 914 3956 et
932 3905 1064 3974 spemandi
1080 3907 1107 3956 in
1126 3905 1255 3958 orchestra
1273 3905 1439 3976 epulandique

121 3989 209 4054 publice
226 3997 273 4045 t'ue.

189 4081 213 4148 ²)
241 4085 400 4139 scammate
414 4091 438 4152 1,
453 4089 516 4140 ³24.

192 4176 216 4240 ¹)
242 4180 296 4232 Pro
316 4180 552 4244 Cluent.4'l,132.
592 4181 633 4233 (lt.
653 4196 718 4247 qnae
737 4182 793 4232 dixi
811 4183 844 4232 de
863 4196 895 4232 sa
913 4197 941 4233 re
961 4179 1158 4246 Staatsrecltl,
1173 4183 1236 4236 373.

190 4269 214 4332 ⁴)
240 4273 347 4324 llenzen
362 4274 446 4323 7007ι
466 4275 509 4324 cui
531 4273 593 4326 ordo
613 4273 807 4342 splendidissim.
826 4275 923 4325 civitat.
943 4273 1087 4326 Albensium
1106 4291 1244 4328 consessum
1261 4275 1338 4328 dedit.
1372 4277 1437 4328 Cen·

126 4364 217 4413 tumriri
229 4365 352 4416 Veientes
370 4365 519 4428 decernunt,
540 4367 588 4416 On.
603 4367 709 4418 Caesius
722 4367 843 4417 amiens
860 4373 888 4415 ut
900 4366 1078 4433 Auqustalium
1096 4384 1194 4420 numero
1214 4367 1335 4419 debeatur
1353 4370 1439 4420 liceat·

125 4468 163 4516 quc
184 4457 207 4504 ei
229 4455 340 4508 omnibus
363 4458 514 4525 spectaculis
535 4459 669 4526 municipio
693 4463 778 4509 norbo
805 4456 902 4509 disellio
922 4461 1031 4527 proprio
1054 4460 1120 4510 inter
1138 4460 1294 4528 Aspuetales
1311 4460 1440 4512 corradere

125 4548 226 4614 nmisque
245 4547 356 4600 omnibus
371 4548 483 4618 publicis
500 4552 566 4601 inter
584 4552 747 4602 cerutumoiros
765 4552 882 4602 interesse
902 4551 1097 4615 (oteramus).

192 4639 216 4703 ⁵)
242 4643 350 4696 Sueten.
369 4645 437 4708 Aug.
457 4645 506 4694 44:
529 4641 660 4710 mactandi
677 4643 873 4708 conflrsiesa'mum
892 4659 923 4694 ac
941 4644 1117 4694 solutissimum
1134 4661 1224 4696 morem
1242 4647 1352 4698 eumeuii
1370 4645 1439 4696 ordi-

126 4732 237 4799 nauitque,
256 4741 336 4784 motus
353 4734 450 4786 iniuria
468 4735 599 4795 aratoris,
620 4750 688 4802 quem
708 4733 823 4786 Puteolis
836 4751 886 4802 per
905 4733 1076 4787 celeberrimos
1095 4736 1168 4788 ludos
1185 4753 1300 4789 consessu
1311 4739 1443 4806 frequenti

127 4837 183 4872 neno
200 4833 342 4894 receperat.-
355 4827 429 4893 sacto
448 4828 528 4894 ipitur
547 4825 645 4878 decreto
662 4835 775 4896 patrum,
796 4835 835 4890 ut,
856 4829 968 4894 quatemus
987 4827 1049 4896 quid
1066 4830 1205 4898 spectaculi
1221 4846 1324 4898 usquam
1338 4818 1440 4899 publice

128 4913 236 4979 ederam,
252 4919 352 4986 primus
370 4918 543 4970 subselliorum
562 4919 624 4970 ordo
643 4927 748 4971 vacaret
766 4917 923 4970 senatoribus
941 4929 989 4972 cet.

192 5006 215 5070 ⁶)
241 5010 294 5062 Dio
308 5011 353 5073 53,
367 5012 415 5064 25:
435 5005 477 5062 aul
495 5008 615 5080 προεδρία
631 5015 685 5070 τοῖς
699 5011 847 5076 βουλευταῖς
867 5009 890 5062 ir
903 5002 972 5084 adep
985 5012 1017 5086 τῇ
1030 5006 1105 5086 ἆρχῇ
1117 5007 1192 5065 udro'u‘
1205 5011 1228 5073 lc
1240 5004 1319 5066 aalma
1330 5004 1362 5065 sd
1374 5012 1438 5067 Siu-

128 5111 167 5160 τριι
183 5089 266 5166 istm.
299 5103 504 5156 Massiliensibus
522 5113 582 5171 post
593 5105 703 5157 Romam
723 5104 835 5157 aGallis
854 5106 988 5158 liberatam
1008 5107 1078 5158 locrus
1096 5107 1293 5176 spectaculorum
1311 5110 1337 5160 in
1353 5118 1441 5162 senmu

131 5185 195 5242 dmm
212 5201 248 5243 est
266 5195 367 5258 ssusfin.
380 5197 425 5259 43,
439 5196 465 5259 5,
482 5199 535 5261 10).
566 5199 650 5249 Etiam
665 5197 793 5250 Traianus
811 5198 902 5263 legatis
921 5215 1009 5265 regum
1021 5200 1120 5253 liumus
1139 5203 1223 5254 lucum
1242 5204 1269 5254 in
1289 5205 1440 5274 spectaculis

130 5280 191 5332 dedit
208 5287 272 5339 inter
290 5296 422 5340 senatores
441 5289 562 5354 (Dtess,
579 5291 632 5352 15).
670 5289 710 5342 Cf.
730 5291 837 5346 Sueton.
856 5291 925 5360 Aug.
939 5293 984 5347 ll.
