3458 6292
197 459 266 528 158
779 472 956 524 consess:

194 577 663 588 .—.—..-.—————
672 576 768 583 ..-.-..
781 576 786 581 .
890 574 1384 582 --——-——---——--
1398 574 1420 580 .-
1433 572 1528 579 ——-

834 831 881 906 Π.

308 1018 705 1097 SVPPLEMENTVM
743 1016 1129 1094 INSORIPTIONVM
1168 1017 1415 1095 OSOARVM.

277 1303 354 1364 Cum
377 1313 446 1379 post
460 1302 518 1362 Th.
534 1303 715 1362 Mommseni
737 1302 844 1361 librum
868 1301 905 1361 de
927 1301 1062 1361 dialectis
1080 1301 1187 1361 Italiae
1207 1301 1359 1362 inferioris
1383 1304 1528 1381 seriptum

195 1428 255 1468 non
277 1426 372 1484 pauca
393 1407 515 1465 inventa
536 1413 565 1463 et
586 1406 738 1482 publicata
760 1406 820 1463 siut
840 1406 962 1482 linguae
985 1404 1083 1464 Oscae
1105 1418 1309 1479 monumenta,
1337 1406 1392 1466 sed
1414 1426 1454 1466 ea
1476 1428 1529 1485 per

195 1512 306 1569 multos
328 1510 422 1567 libros
445 1507 556 1585 passim
580 1507 728 1584 dispersa,
751 1508 794 1565 ita
815 1518 848 1565 ut
870 1508 992 1583 longum
1015 1507 1055 1565 sit
1077 1526 1114 1564 ea
1134 1507 1320 1585 conquirere,
1345 1508 1374 1566 si
1396 1511 1468 1586 quis
1490 1527 1528 1567 ex

194 1614 238 1672 eis
260 1614 387 1670 fructum
409 1628 532 1687 carpere
553 1609 627 1667 velit
648 1609 685 1667 ad
708 1610 807 1669 studia
828 1610 877 1667 vel
901 1628 999 1668 rerum
1022 1609 1070 1668 vel
1090 1609 1260 1686 linguarum
1282 1610 1460 1671 Italicarum
1481 1630 1528 1669 re·

198 1714 339 1784 colenda,
361 1731 420 1770 non
442 1711 571 1772 alienum
595 1730 662 1770 esse
683 1731 701 1769 a
722 1712 890 1771 rationibus
913 1712 1000 1771 buius
1023 1712 1222 1790 ephemeridis
1244 1712 1376 1786 videtur,
1404 1713 1528 1772 illarum

198 1817 427 1892 inscriptionum
450 1814 689 1892 supplementum
713 1814 761 1872 hic
782 1814 814 1871 in
836 1824 998 1891 conspectu
1018 1834 1140 1891 ponere,
1161 1815 1204 1873 ita
1219 1824 1252 1873 ut
1265 1816 1389 1875 nomina
1407 1834 1445 1874 ac
1459 1816 1529 1875 libri

198 1920 328 1977 virorum
345 1918 500 1975 doctorum
515 1927 665 1988 notentur,
689 1918 741 1992 qui
763 1935 814 1975 eas
831 1926 883 1975 aut
897 1916 1063 1991 descriptas
1078 1917 1244 1989 ediderunt,
1265 1926 1318 1975 aut
1339 1918 1416 1977 scite
1438 1918 1530 1978 inter·

194 2021 303 2099 prelati
325 2032 409 2090 sunt,
438 2030 468 2077 et
489 2019 580 2076 verba
602 2018 684 2078 Osca
706 2037 807 2077 earum
829 2017 939 2076 Latino
963 2036 1119 2090 sermone,
1149 2026 1291 2096 quantum
1313 2021 1379 2079 fieri
1404 2022 1528 2098 poterit,

194 2130 332 2182 enarrata
364 2122 606 2180 annotationibus
640 2120 817 2197 quibusdam
850 2121 975 2179 subinde
1019 2121 1142 2179 adiectis
1176 2131 1318 2196 tanquam
1347 2123 1530 2183 brevissimo

194 2224 441 2285 commentariolo
470 2224 658 2299 explicantur
680 2231 710 2281 et
731 2223 927 2282 illustrentur.
971 2225 1073 2301 Atque
1099 2225 1129 2282 in
1157 2224 1214 2283 hac
1241 2225 1407 2301 scriptione
1436 2224 1530 2285 semel

194 2330 306 2388 dictum
328 2328 413 2399 volo,
441 2345 487 2383 mc
515 2326 603 2402 plane
632 2325 813 2385 abstinuisse
838 2344 857 2383 a
877 2326 1057 2384 coniecturis
1083 2345 1188 2385 eorum
1213 2326 1451 2405 persequendis,
1478 2328 1530 2404 qui

195 2450 274 2488 nunc
296 2448 416 2505 quoque
439 2436 545 2503 putant
567 2428 625 2487 sibi
646 2427 747 2499 licere,
769 2428 806 2485 de
828 2427 876 2485 his
898 2427 1019 2503 linguae
1041 2427 1141 2487 Oscae
1163 2430 1363 2489 monumentis
1385 2430 1531 2502 scribere,

195 2532 340 2609 quidquid
364 2531 421 2589 sibi
444 2531 545 2589 animo
566 2530 692 2608 lingunt,
714 2529 789 2587 nihil
811 2540 949 2588 curantes
972 2539 1023 2588 aut
1044 2531 1088 2590 rei
1110 2531 1320 2609 epigraphicae
1335 2531 1530 2609 disciplinam

194 2642 247 2693 aut
268 2635 437 2710 linguarum
451 2633 627 2691 Italicarum
648 2633 858 2710 cognitionem.
890 2631 939 2689 De
961 2633 1203 2709 inscriptionibus
1218 2634 1310 2713 igitur
1324 2632 1431 2706 Oscis,
1455 2653 1531 2710 quae

193 2744 264 2815 post
285 2735 465 2795 Mommseni
488 2736 594 2794 librum
617 2736 647 2793 in
670 2736 766 2793 lucem
790 2733 977 2809 prodierunt,
1006 2734 1049 2793 ita
1070 2753 1156 2813 agam
1185 2736 1241 2794 hac
1262 2737 1532 2807 commentatione,

194 2850 226 2897 ut
248 2838 381 2897 ordinem
403 2839 560 2914 regionum
582 2838 776 2912 locorumque
792 2854 910 2911 sequar,
934 2836 983 2895 ubi
1005 2836 1143 2896 inventae
1159 2837 1229 2909 sint,
1252 2838 1445 2916 singulorum
1461 2857 1532 2897 vero

194 2942 328 2999 locorum
357 2940 462 2998 titulos
491 2939 652 2997 secundum
681 2956 793 3014 genera
818 2955 922 2997 corum
949 2937 1114 3015 dispositos
1147 2940 1179 2999 in
1206 2939 1338 2999 medium
1364 2940 1531 3017 proferam,

194 3043 373 3116 ubicumque
395 3061 431 3099 ca
451 3050 571 3099 exstare
593 3042 739 3099 videntur.

644 3325 876 3387 OriMPANIA.
920 3325 1071 3387 OAPVA.

195 3488 222 3547 1.
266 3487 394 3545 Lamina
420 3484 562 3560 plumbea
583 3485 742 3543 convoluta
764 3504 832 3543 cum
854 3486 941 3545 titulo
963 3486 1154 3547 dextrorsum
1177 3486 1304 3565 scripto,
1331 3488 1364 3547 in
1389 3491 1536 3569 sepulcro

238 3588 342 3665 oppidi
363 3587 396 3647 S.
411 3588 516 3645 Mario
538 3589 568 3644 di
591 3588 692 3662 Capua
714 3606 792 3645 anno
818 3588 896 3649 1857
920 3608 938 3647 a
960 3585 1102 3648 Sirumaco
1124 3590 1222 3648 Dorio
1247 3590 1375 3649 inventa
1406 3606 1441 3651 et
1466 3612 1537 3653 eso·

237 3693 310 3764 luta,
333 3691 463 3748 nuncin
486 3706 589 3748 musco
610 3688 826 3766 Neapolitano:
1099 3688 1106 3699 ’

349 3824 454 3923 step]
482 3824 583 3898 klum
599 3882 606 3897 .
623 3824 742 3897 vitriis

349 3957 386 4020 tr
438 3945 625 4045 stl(‘l)a·plu
641 4003 648 4018 .
664 3945 796 4019 vlrrliis

347 4068 398 4168 pl.
453 4067 526 4141 asie
542 4124 549 4138 .
566 4066 706 4140 bivellis

348 4187 470 4289 rippiis
486 4249 494 4265 .
510 4186 713 4287 hcllevi[i]s

350 4308 483 4383 luvikis
511 4308 657 4383 uhtavis

350 4429 469 4505 statiis
485 4488 492 4503 .
508 4430 646 4529 gasulis
663 4485 671 4502 .
687 4458 758 4531 nep
785 4432 917 4506 latium
933 4488 941 4506 .
957 4459 1030 4535 nep
1046 4493 1053 4509 .
1069 4436 1217 4511 delkum
1233 4494 1241 4511 .
1256 4444 1417 4542 puliana

348 4606 470 4681 lnvkis
485 4664 492 4679 .
508 4606 654 4681 rihtavis
670 4662 678 4679 .
693 4608 879 4682 ruivcllurn
907 4610 1052 4686 velliam

350 4754 420 4830 nep
437 4783 445 4800 .
462 4728 609 4803 delkurn
637 4754 707 4828 nep
723 4786 730 4801 .
746 4730 877 4804 fartum
903 4733 1033 4832 pribisd

350 4875 421 4951 nep
439 4909 447 4924 .
463 4849 636 4951 memnim
653 4906 661 4923 .
677 4877 748 4952 nep
765 4909 773 4925 .
791 4851 888 4927 tilam
904 4912 912 4927 .
928 4855 1008 4929 silei
1024 4913 1031 4929 .
1047 4854 1246 4960 heriiadl).

200 4994 403 5002 -——-——--—

275 5058 298 5120 ¹)
326 5060 432 5109 Punrtis
451 5060 601 5125 sirliscriptis
620 5064 707 5113 notari
727 5064 838 5127 litteras,
864 5080 930 5132 quae
949 5066 1011 5133 quid
1031 5068 1176 5133 significent
1193 5076 1316 5135 apparet,
1345 5076 1377 5123 lt
1394 5072 1430 5125 ab
1450 5074 1538 5143 nllqus

198 5158 271 5216 parte
290 5152 421 5201 mutilatae
440 5160 507 5203 sunt.
