3682 5964
339 489 410 558 144
768 502 1078 554 aunmausunvm
1095 505 1180 556 von.
1200 505 1229 554 11

335 683 459 742 vitricus
481 681 654 759 privignus,
675 678 741 738 iure
762 696 901 755 quaeres,
924 677 1042 755 quinam
1067 678 1127 737 sint
1148 680 1200 756 qui
1221 698 1305 739 reum
1326 680 1452 757 propius
1473 700 1510 740 ea
1524 681 1671 743 affinitate

337 786 527 863 contingant;
554 791 584 840 et
609 775 790 860 quamquam
817 781 995 859 responderi
1020 787 1121 860 potest
1142 780 1272 858 intellegi
1296 782 1390 842 virum
1413 801 1553 858 uxorem,
1580 803 1670 862 spon·

338 907 403 947 sum
427 903 569 964 sponsam
581 883 620 962 ¹),
642 884 721 943 haud
745 883 808 942 scio
830 903 869 942 an
890 885 948 944 hoc
969 902 1088 961 quoque
1108 883 1242 944 incuriae
1263 885 1360 962 magis
1382 903 1471 962 quam
1495 887 1671 962 prudentiae

338 988 494 1067 scriptoris
526 988 677 1048 debeatur.
726 986 775 1046 De
800 994 928 1063 patrono
958 986 1066 1045 liberto
1092 985 1213 1045 omnino
1239 995 1358 1046 constat
1388 1007 1483 1065 neque
1511 995 1671 1066 patronum

338 1095 370 1153 in
394 1091 533 1152 libertum
559 1107 613 1149 nec
635 1089 775 1148 libertum
795 1089 826 1146 in
849 1097 1007 1164 patronum
1028 1089 1060 1147 in
1082 1088 1144 1147 ullo
1166 1088 1276 1148 iudicio
1299 1090 1419 1166 publico
1441 1077 1567 1151 invitum
1589 1094 1673 1152 testi-

339 1195 472 1256 monium
504 1193 634 1263 dlxisse3
667 1198 823 1267 praeterea
851 1191 882 1250 iu
910 1191 1088 1268 quibusdam
1114 1190 1247 1262 iudiciis,
1282 1201 1314 1250 nt
1339 1193 1370 1252 in
1400 1211 1434 1252 eo
1464 1194 1545 1270 quod
1572 1196 1607 1254 fit
1634 1214 1673 1254 ex

340 1299 407 1378 lege
429 1296 507 1356 Iulia
529 1295 565 1352 de
587 1291 662 1371 vit),
683 1293 808 1353 libertus
830 1292 1035 1354 testimonium
1058 1293 1089 1352 in
1111 1300 1269 1372 patronum
1291 1294 1390 1355 dicere
1411 1314 1473 1355 non
1494 1296 1590 1356 solnm
1614 1315 1674 1356 non

342 1401 471 1480 cogitur,
493 1397 544 1457 sed
568 1395 657 1456 etiam
679 1402 807 1455 vetatur.

187 1513 328 1565 Accusatio
426 1502 474 1562 De
496 1500 687 1560 accusatione
708 1519 786 1577 quae
805 1498 884 1578 apud
900 1498 1056 1558 duovirum
1071 1499 1124 1558 fiat
1138 1499 1236 1577 agitur
1249 1499 1326 1578 legis
1346 1519 1371 1558 c.
1389 1499 1447 1560 CII
1469 1502 1499 1572 4,
1515 1500 1627 1574 23-5,
1646 1505 1673 1562 1.

344 1605 445 1665 Causa
470 1602 630 1662 accusandi
654 1602 702 1661 hio
724 1621 783 1661 non
806 1601 939 1678 ponitur,
967 1601 1055 1660 atde
1077 1601 1252 1679 indignitate
1274 1602 1444 1664 decurionis
1466 1604 1573 1664 duovir
1593 1605 1674 1664 iube-

343 1718 391 1767 tur
418 1707 465 1765 ius
496 1705 595 1764 dicere
622 1704 792 1782 iudiciaque
819 1703 956 1774 reddere3
984 1703 1146 1782 significari
1175 1705 1395 1764 accusationem
1423 1706 1607 1784 intellegitur
1635 1727 1675 1767 ex

344 1829 370 1870 c.
394 1807 542 1868 CXXIII.
566 1805 744 1880 CXXIIII,
775 1825 853 1884 quae
884 1805 924 1864 ad
954 1806 1055 1883 ipsum
1085 1806 1227 1865 iudicium
1259 1807 1296 1866 de
1323 1807 1499 1886 indignitate
1527 1811 1676 1886 pertinere

345 1931 437 1990 supra
459 1909 507 1987 (p.
527 1909 603 1986 134)
626 1908 906 1969 demonstravimus.
950 1905 1023 1969 Sola
1048 1909 1122 1968 haec
1147 1911 1299 1969 accusatio
1322 1919 1421 1969 utrum
1443 1910 1678 1972 6011166114-

346 2024 432 2095 gutur
459 2032 497 2071 an
525 2012 611 2071 aliter
636 2029 754 2088 quoque
775 2011 853 2089 apud
877 2012 1031 2071 duovirum
1054 2012 1205 2072 accusatio
1230 2013 1347 2072 institui
1369 2013 1513 2089 potuerit,
1540 2016 1677 2092 exlegis

346 2116 482 2194 reliquiis
508 2133 569 2174 non
595 2113 783 2192 perspicitur.
805 2147 842 2158 -
871 2114 1103 2174 Accusationem
1124 2114 1213 2175 facile
1234 2124 1359 2193 apparet
1380 2117 1589 2192 quaesti0num
1610 2136 1678 2194 per-

227 2207 234 2218 ’
346 2230 504 2300 petuarum
525 2218 653 2278 formam
676 2216 769 2293 sequi.
813 2209 932 2276 Duorir
953 2218 1088 2277 iudicium
1110 2218 1205 2277 reddit
1225 2217 1268 2294 (5,
1285 2216 1334 2276 22.
1351 2216 1415 2292 24),
1437 2218 1491 2278 lac
1513 2219 1572 2296 lopo
1592 2238 1679 2296 quus-

347 2327 387 2383 rit
408 2323 460 2399 (4,
477 2319 527 2380 23.
543 2319 618 2396 25),
644 2320 778 2379 iudicium
799 2329 905 2379 merset
927 2319 978 2395 (4,
995 2318 1043 2378 23.
1060 2317 1135 2394 26),
1162 2320 1369 2396 praetorisque
1394 2340 1462 2380 eum
1489 2321 1519 2379 in
1541 2331 1679 2399 repetun-

348 2426 453 2485 darum
479 2422 689 2499 similibusque
715 2421 848 2494 iudiciis,
875 2421 907 2481 id
932 2431 980 2481 est
1001 2422 1181 2499 quaesitoris
1204 2421 1305 2481 officio
1326 2421 1409 2502 iungi
1432 2442 1471 2481 ex
1492 2442 1518 2482 c.
1534 2422 1591 2483 CII
1612 2442 1680 2500 per·

349 2528 482 2604 spicitur.
526 2523 649 2584 Actoris
673 2531 785 2602 partes
801 2524 852 2602 qui
879 2524 1007 2584 sustinet
1029 2525 1162 2601 postulat
1186 2524 1239 2601 (5,
1256 2522 1330 2601 22),
1357 2534 1477 2585 massot
1497 2525 1546 2602 (4,
1562 2525 1613 2584 27.
1629 2526 1678 2586 28.

350 2629 399 2690 29.
416 2628 475 2704 34)
497 2627 779 2706 distInguunturque
801 2635 1009 2686 accusatorum
1030 2627 1142 2685 delator
1163 2625 1211 2702 (4,
1228 2625 1281 2702 27)
1305 2633 1334 2685 et
1354 2628 1530 2704 subscriptor
1551 2628 1600 2705 (4,
1615 2628 1679 2707 28).

350 2731 489 2808 seruum
516 2733 643 2789 actiones
670 2728 771 2789 iudicii
800 2728 854 2806 (4,
876 2730 924 2788 34.
946 2729 1005 2805 36)
1034 2730 1195 2789 ostendunt
1222 2730 1409 2808 ampliationi
1438 2731 1680 2808 comperendina-

350 2835 462 2894 tionive
488 2832 520 2891 in
546 2851 582 2891 eo
608 2831 709 2890 locum
731 2831 834 2890 fuisse.
879 2829 1069 2908 Quamquam
1089 2832 1210 2891 sumunt
1231 2832 1321 2892 etiam
1343 2832 1489 2909 quaedam
1511 2832 1622 2892 iudicia
1641 2855 1681 2892 ex

350 2938 406 2995 hac
431 2935 498 3013 lege
524 2952 583 2993 uno
605 2933 654 2992 die
675 2933 856 3010 perficienda
877 2931 1005 3009 (1,24);
1033 2952 1161 3010 quocum
1182 2935 1351 3012 comparari
1372 2942 1484 3016 potest,
1511 2936 1594 3011 quod
1614 2936 1681 3014 lege

321 3028 324 3038 ’
350 3038 496 3114 Pompeia
518 3035 624 3094 eodem
646 3035 703 3107 die,
725 3053 785 3112 qno
806 3034 914 3094 dicturi
936 3045 1038 3096 essent
1059 3045 1217 3096 accusator
1238 3043 1267 3094 et
1288 3043 1443 3112 patronus,
1469 3037 1583 3097 iudices
1605 3038 1683 3096 iudi·

326 3159 419 3208 ,care
445 3137 672 3214 iubebanturt).
716 3138 856 3197 Indicant
881 3139 988 3197 iudices
1016 3137 1129 3215 (6.1)
1157 3148 1338 3214 caveturqne
1365 3138 1403 3198 de
1423 3159 1477 3198 reo
1499 3139 1682 3200 absolvendo

353 3243 381 3315 6,
402 3241 420 3300 2
445 3241 501 3300 sic:
529 3244 580 3317 qui
602 3244 645 3298 ito
666 3239 813 3300 absolutos
836 3243 901 3313 erit,
929 3242 1008 3317 quod
1026 3241 1163 3300 iudicium
1180 3244 1442 3317 praeuaricationis
1465 3261 1555 3316 causo
1566 3245 1683 3324 sactum

351 3363 409 3403 non
430 3347 497 3416 crit,
519 3346 545 3401 is
567 3361 597 3401 eo
619 3343 725 3401 iudicio
748 3343 802 3402 hoo
824 3343 882 3420 lopo
904 3341 1052 3402 absolutus
1074 3353 1142 3414 sato,
1167 3360 1244 3419 quae
1264 3343 1394 3403 formula
1414 3345 1539 3422 propria
1559 3345 1683 3403 iudicio·

353 3467 419 3506 rum
442 3445 629 3522 publicorum
650 3443 773 3503 totidem
795 3444 857 3504 fere
873 3444 971 3505 verbIs
993 3445 1070 3504 redit
1083 3445 1114 3504 in
1129 3447 1194 3524 lege
1208 3446 1440 3524 repetundarum
1462 3466 1489 3505 v.
1503 3447 1553 3506 55.
1591 3447 1683 3506 Deni-

354 3567 412 3626 que
433 3548 598 3628 praemium
619 3546 788 3606 accusatori
810 3547 897 3624 datur
917 3547 986 3621 tale,
1009 3548 1112 3626 qualia
1134 3549 1197 3607 dari
1217 3548 1316 3607 solent
1329 3549 1360 3606 in
1375 3550 1440 3608 eius
1453 3550 1572 3628 generis
1587 3551 1684 3609 causis

352 3651 479 3731 publicis
503 3649 547 3727 (p.
566 3650 649 3726 134).
683 3646 744 3709 Sed
765 3667 875 3709 novum
896 3643 986 3710 iniis
1008 3670 1085 3728 quae
1108 3650 1144 3710 de
1166 3651 1352 3710 accusatione
1373 3659 1536 3728 supersunt
1556 3672 1617 3712 non
1637 3661 1685 3712 est

208 3754 413 3819 Horaeao-nisi
440 3754 522 3831 qnod
548 3771 572 3812 c.
594 3750 652 3812 011
679 3761 803 3811 cavetur
828 3752 865 3810 de
890 3762 1025 3828 tempore
1050 3753 1150 3812 iudicii
1176 3754 1357 3831 perficiendi.
1400 3749 1524 3813 Scilicet
1549 3755 1683 3833 exceptis

228 3840 335 3892 ⁰⁰⁵⁸¹¹ffi
355 3857 456 3916 causis
477 3856 529 3929 iis,
555 3873 632 3932 quos
653 3873 711 3915 uno
734 3856 782 3914 die
803 3855 905 3932 perfici
927 3855 978 3914 lex
999 3856 1095 3927 iubet,
1117 3855 1224 3915 duorir
1244 3855 1386 3915 iudicium
1407 3875 1547 3916 exercere
1567 3865 1685 3916 vetatur

346 3969 424 4018 ¹ante
445 3960 548 4017 horam
570 3958 695 4033 primam
714 3963 827 4035 etpost
841 3956 1036 4017 undecimam.
1070 3957 1159 4032 Quod
1173 3959 1346 4038 ambiguum
1361 3969 1409 4018 est
1422 3967 1521 4018 uuum
1537 3959 1685 4037 accipien-

355 4063 425 4120 dum
451 4061 490 4120 sit
515 4060 551 4119 de
578 4059 675 4136 prima
701 4067 807 4136 coepta
832 4067 862 4119 et
883 4059 1039 4120 undecima
1059 4060 1181 4136 expleta
1201 4079 1240 4120 an
1262 4063 1299 4121 de
1321 4063 1417 4138 prima
1436 4062 1560 4140 expleta
1580 4070 1610 4121 et
1630 4081 1684 4121 un·

356 4163 471 4222 decima
489 4172 608 4240 coepta3
631 4162 758 4224 conferri
781 4170 880 4239 potest
900 4163 981 4240 quod
1002 4165 1082 4242 apud
1095 4163 1259 4239 Paulum4)
1282 4173 1461 4224 testamenta
1481 4164 1619 4225 iubentur
1639 4183 1686 4222 re-

434 4502 457 4565 ¹)
483 4503 551 4554 Nam
575 4502 604 4553 hi
627 4517 728 4569 quoque
752 4503 819 4555 inter
843 4505 935 4555 afflues
957 4511 1123 4556 numerantur
1147 4511 1173 4554 et
1197 4505 1225 4556 iu
1242 4485 1299 4570 lege
1319 4503 1410 4556 cintia
1432 4504 1507 4566 (Vat.
1526 4505 1558 4554 tr.
1573 4503 1641 4566 302)
1661 4511 1687 4554 et

356 4596 426 4646 alibi.
462 4596 562 4648 Klenze
580 4597 597 4646 l.
612 4613 634 4646 o.
652 4612 679 4662 p.
695 4597 756 4647 109.

432 4705 457 4770 ²)
486 4707 597 4758 Collatia
617 4709 642 4770 9,
658 4708 837 4773 a,2=Dig.
852 4708 896 4770 22,
911 4706 936 4771 5,
950 4707 976 4769 3,
993 4707 1018 4758 5.

433 4815 458 4879 ³)
485 4817 616 4870 Asconius
635 4819 662 4869 ln
680 4807 773 4870 ldilon.
793 4835 818 4883 p.
833 4820 877 4868 40.

433 4928 458 4992 ⁴)
489 4946 509 4980 s.
524 4947 545 4980 r.
565 4931 590 4991 4,
606 4931 632 4993 6,
647 4931 672 4993 2,
701 4931 732 4982 In
752 4945 830 4981 causa
841 4930 988 4982 Miloniana
1005 4909 1092 4996 priore
1111 4929 1153 4980 die
1171 4930 1295 4980 iudicium
1314 4929 1447 4979 dimissum
1465 4925 1687 4982 estciroahoram

350 5023 492 5100 decimam,
512 5023 655 5088 posteriore
674 5024 775 5073 sortitIo
794 5023 906 5074 iudicum
926 5039 942 5074 a
960 5025 1045 5089 primo
1064 5023 1106 5072 die
1125 5023 1194 5074 taeta
1206 5029 1252 5084 est,
1273 5029 1435 5074 accusatores
1449 5029 1590 5088 coeperunt
1602 5023 1687 5072 dicere

284 5183 287 5190 .
357 5116 425 5165 intra
448 5113 538 5165 horam
559 5115 698 5166 secundam
724 5115 836 5177 (Ascon.
856 5132 882 5182 p.
895 5117 940 5184 41.
960 5115 1019 5178 42).
1058 5114 1098 5166 Cf.
1118 5115 1207 5166 Keller
1229 5111 1396 5184 Civilprozesa
1414 5130 1440 5180 p.
1454 5117 1497 5166 16.
1535 5116 1688 5182 ldarquardt

358 5204 551 5258 Privatoltertl.
572 5210 596 5269 l,
612 5207 674 5260 261.
