3458 6292
206 547 277 618 156
775 562 956 615 conssnu:

201 741 229 797 cl.
249 740 317 798 Ost.
335 738 402 814 Spr.
422 758 454 814 p.
471 739 537 814 93).
581 738 647 796 Iloc
669 756 739 795 vcro
762 739 886 814 antiqno
908 737 1083 795 accusativo
1104 734 1229 795 Lucano
1251 760 1297 793 εκο
1319 736 1537 813 comprobatur

202 861 270 900 mea
292 843 456 913 sententia,
485 842 573 899 etiam
599 863 701 921 σακορο
723 841 752 896 in
776 840 864 898 titulo
885 840 1131 897 Mamertinorum
1152 838 1333 898 Messincnsi
1359 858 1430 898 esse
1452 858 1538 897 accu-

203 946 331 1003 sativum
354 944 430 1022 sing.
451 954 558 1016 neutr,
581 942 707 1020 ideoque
729 944 820 1000 verba
840 943 921 1000 cius:
944 941 1069 1018 [Στι]νις
1090 944 1208 1001 Kaliour
1222 942 1384 1011 Σταπεηις,
1407 940 1537 1024 [Μαρμς

201 1050 341 1113 flaumiro
361 1040 527 1115 Νιυμτδιηις
555 1038 674 1125 aeddan}
696 1066 815 1101 connect·
847 1043 943 1120 [ειν]ι,α
974 1066 1057 1099 τουτο
1079 1048 1235 1127 Macepracta
1258 1042 1462 1120 [Α]πε>λουνν,ι
1485 1066 1537 1099 σα-

201 1171 265 1229 napo
288 1148 432 1223 (Monate.
458 1149 522 1206 Unt.
543 1148 627 1204 Dial.
643 1158 661 1204 t.
679 1144 755 1217 XII,
777 1146 827 1216 39,
843 1165 875 1220 p.
890 1146 948 1204 193
969 1147 1028 1221 aq.)
1050 1146 1232 1223 significare:
1256 1142 1372 1205 Stenius
1396 1144 1538 1203 Kalim'us

202 1250 291 1310 Statii
312 1254 356 1327 s.,
384 1251 490 1309 Maras
511 1250 660 1325 Pomptina
682 1248 841 1307 Numiar'dir'
860 1249 889 1322 s.
910 1249 1051 1307 medlicea
1073 1252 1270 1324 operatiorem
1293 1259 1320 1307 et
1340 1252 1444 1307 ciuitas
1467 1248 1535 1305 Ma-

200 1357 324 1410 mertina
339 1352 473 1428 Apollini
487 1370 610 1422 accrum,
633 1369 723 1427 quam
739 1352 860 1428 quidem
881 1351 1155 1427 interpretationem
1178 1352 1268 1409 etiam
1284 1350 1352 1409 aliis
1367 1350 1537 1408 rationibus

201 1455 370 1513 confirmari
389 1454 437 1512 hic
456 1473 515 1512 non
535 1472 610 1530 opus
632 1462 688 1523 est,
710 1462 743 1510 ut
763 1471 913 1528 exponam
933 1450 982 1527 (O.
997 1452 1033 1511 Ζ.
1047 1454 1076 1528 s.
1098 1454 1186 1529 cergi.
1203 1452 1273 1531 Spr.
1289 1451 1424 1523 XVIII,
1447 1452 1536 1528 257).

201 1556 257 1615 Ille
279 1558 370 1633 igitur
391 1557 579 1615 accusativus
601 1556 785 1631 pronominis
799 1555 1026 1613 demonstrativi
1041 1577 1088 1611 εκο
1102 1556 1202 1632 ipsum
1216 1554 1291 1613 illud
1306 1564 1535 1613 monumentum

202 1660 388 1718 demonstrat
414 1657 596 1733 indicatque,
625 1658 655 1714 in
683 1674 741 1733 quo
768 1659 898 1733 scriptus
925 1664 985 1729 ost,
1012 1666 1101 1733 atque
1122 1680 1169 1713 εκο
1191 1656 1384 1717 manifestum
1408 1667 1458 1715 est
1483 1656 1536 1715 ob·

200 1761 309 1819 iectum
321 1761 456 1819 eiusdem
471 1759 683 1819 enuntiationis
698 1758 796 1818 Oscae
811 1776 890 1831 csse,
908 1760 993 1818 cuius
1009 1760 1175 1819 subiectum
1190 1759 1230 1817 sit
1242 1764 1278 1817 A.
1293 1765 1418 1819 Λαπονις
1433 1762 1534 1817 omre.

200 1862 266 1922 Iam
288 1882 357 1920 vero
379 1864 456 1921 hanc
478 1862 712 1921 enuntiationem
734 1862 886 1920 continere
913 1862 1043 1938 aliquam
1070 1860 1228 1921 dedicandi
1249 1862 1328 1919 sacri
1350 1860 1398 1921 vel
1424 1878 1533 1919 monn·

200 1966 292 2023 menti
314 1965 473 2023 formulam
494 1966 539 2023 eis
562 1983 608 2021 mc
631 1963 718 2021 facile
741 1964 937 2039 probaturum
952 1981 1052 2042 spero,
1073 1964 1125 2040 qni
1146 1981 1207 2023 non
1226 1964 1377 2042 ignorant,
1398 1962 1431 2020 in
1454 1962 1535 2021 eins·

201 2066 283 2126 modi
310 2066 447 2125 formulis
473 2066 699 2143 inscriptionum
725 2064 901 2124 Latinarum
927 2074 958 2125 et
985 2063 1168 2125 Graecarum
1196 2065 1319 2125 verbum
1344 2084 1415 2123 cnm
1444 2082 1534 2125 sensu

202 2168 302 2241 dandi,
324 2168 482 2228 dedicandi
504 2169 551 2227 vel
575 2167 771 2227 consecrandi
792 2168 968 2243 saepissime
990 2168 1134 2227 omissum
1156 2186 1236 2240 esse,
1257 2166 1301 2225 ita
1322 2176 1356 2225 nt
1376 2186 1417 2226 ex
1433 2167 1534 2225 animo

200 2272 363 2349 legentium
385 2272 585 2348 supplendum
607 2271 655 2329 sit.
693 2268 769 2329 Cum
790 2270 963 2329 accusativo
985 2270 1062 2346 sing.
1082 2278 1178 2329 neutr.
1201 2270 1386 2346 pronominis
1409 2268 1535 2329 demon·

201 2373 320 2431 strativi
341 2396 387 2429 εκο
411 2373 563 2431 artissimo
585 2392 693 2432 sennua
709 2373 829 2431 vinculo
851 2374 1028 2431 coniunctus
1049 2380 1095 2430 est
1116 2372 1304 2431 accusativus
1324 2371 1465 2431 eiusdem
1485 2390 1536 2449 gc-

199 2475 280 2533 neris
303 2498 356 2531 πιω
379 2494 433 2553 pro
452 2474 571 2551 pinon),
593 2476 696 2534 eadem
719 2474 857 2534 videlicet
879 2475 973 2552 stirpe
995 2474 1140 2533 oriundus
1163 2484 1196 2533 ut
1215 2473 1284 2533 Lat
1302 2478 1395 2551 pium,
1419 2471 1535 2534 Sabell.

196 2580 265 2653 pio,
296 2576 372 2636 Osk.
391 2579 510 2653 palliet,
540 2576 645 2636 Umbr.
664 2578 768 2653 pilatu
788 2576 850 2635 alia
878 2575 929 2653 (C.
952 2576 1138 2635 KritBeitr.
1157 2596 1191 2653 p.
1207 2576 1268 2637 391
1283 2594 1326 2653 tq.
1364 2574 1537 2653 adrepet,

201 2678 269 2737 342.
306 2682 357 2750 11,
378 2682 438 2738 ind.
460 2680 557 2739 vocab.
580 2681 623 2737 ecl.
640 2678 687 2755 2).
732 2679 886 2738 Habemus
914 2680 1006 2757 igitur
1028 2677 1086 2736 dno
1111 2679 1220 2737 obiecti
1248 2696 1337 2737 casus
1358 2700 1416 2735 πιω
1431 2698 1535 2733 —m

200 2806 237 2830 =
259 2780 367 2857 pio(m)
390 2814 431 2825 -
453 2781 559 2856 elco(m)
588 2782 789 2859 dependentes
815 2783 853 2839 ab
879 2782 982 2857 aliquo
1004 2781 1096 2839 verbo
1117 2778 1202 2839 Osco
1230 2780 1336 2851 dandi,
1363 2778 1537 2847 dedicandi,

199 2884 408 2955 consecrandi,
430 2883 509 2959 quod
531 2884 731 2960 supplendum
753 2883 879 2942 videtur.
924 2884 972 2941 Ex
994 2902 1031 2942 eo
1050 2883 1193 2959 colligere
1214 2900 1392 2960 possumus,
1416 2881 1536 2940 litteras

199 3009 257 3043 cuc.
281 2986 359 3044 inter
380 2986 567 3043 accusativos
591 3008 643 3042 rrae
660 2996 690 3045 et
704 3008 751 3042 εκο
773 2986 890 3063 positas
911 2987 1062 3044 continere
1085 2986 1208 3063 stirpem
1225 2985 1306 3043 vocis
1321 2982 1437 3055 Oscae,
1459 3002 1538 3059 quae

199 3096 229 3145 et
255 3087 324 3164 ipsa
350 3088 407 3145 hoc
434 3088 501 3147 loco
523 3088 582 3145 vim
605 3088 770 3146 accusativi
792 3088 911 3145 habeat.
955 3086 1157 3161 eramobrem
1179 3108 1239 3145 aar.
1261 3094 1364 3145 notam
1387 3084 1538 3163 supplen-

198 3188 266 3247 dam
289 3190 431 3248 existimo
453 3189 546 3265 aar(o)
570 3190 774 3249 accusativum
797 3190 873 3265 sing.
896 3198 992 3247 neutr.
1015 3196 1229 3268 congruentem
1254 3206 1322 3246 oum
1343 3210 1401 3245 πιω
1425 3200 1457 3246 et
1477 3210 1539 3255 sue,

198 3302 289 3367 atque
316 3291 404 3350 huius
433 3292 597 3350 accusativi
625 3311 747 3351 sensum
774 3291 932 3350 enucleare
959 3291 1056 3349 ausim
1084 3300 1260 3367 comparatu
1280 3286 1440 3349 Sabellica
1464 3308 1540 3349 roca

198 3396 278 3452 cisoa
301 3393 491 3465 sacrificium,
512 3392 656 3453 Umbrica
678 3414 767 3453 esunu
789 3393 977 3463 sacrificium,
993 3391 1108 3451 Volsca
1128 3396 1303 3463 cauriatrom,
1326 3390 1415 3451 Osca
1437 3395 1540 3451 Aiaer·

197 3500 258 3554 nim
279 3496 381 3572 oppidi
404 3497 533 3567 nominc,
559 3497 690 3555 Etrusca
710 3515 797 3554 assur
818 3497 891 3555 deus
919 3492 974 3570 (C.
1001 3494 1128 3571 Auaapr.
1142 3495 1171 3566 1,
1190 3493 1272 3565 375,
1293 3494 1338 3553 ed.
1353 3493 1413 3571 2),
1440 3494 1486 3553 ita
1508 3504 1542 3555 ut

198 3597 293 3673 αισ(ο)
317 3599 538 3656 substantivum
561 3600 591 3656 in
614 3598 701 3657 titulo
723 3598 871 3657 Dianensi
893 3596 1042 3674 significet
1063 3615 1187 3656 sucrum.

281 3700 331 3757 Ad
354 3699 478 3759 subiecti
500 3718 589 3759 casus
604 3706 640 3757 A.
657 3708 780 3760 Λαπονις
794 3704 882 3757 omae
903 3708 933 3758 et
954 3698 1062 3757 obiecti
1083 3716 1172 3758 casus
1195 3722 1249 3755 πιω
1271 3698 1368 3775 arr(o)
1396 3721 1446 3756 εκο
1469 3718 1542 3777 sup·

198 3801 339 3881 plcndum
362 3810 409 3861 est
422 3802 535 3862 Oscum
555 3803 679 3861 verbum
702 3795 794 3868 δεδετ,
816 3802 914 3861 deded
950 3802 1056 3878 Itaque
1078 3801 1243 3860 enuntiatio
1258 3799 1403 3859 Lucana:
1427 3806 1467 3860 A.
1483 3808 1541 3859 aa·

197 3926 275 3963 πονις
294 3899 422 3982 llaufmc
438 3909 525 3961 Omrc
546 3927 600 3960 πιω
623 3903 718 3980 arc-(o)
734 3926 780 3959 εκο
800 3896 910 3979 (dedat)
925 3902 1033 3962 Latine
1055 3904 1225 3962 enarranda
1246 3910 1307 3961 est:
1328 3902 1431 3963 Aulus
1446 3902 1540 3963 Lam·

194 4009 302 4082 porcius
323 4005 423 4081 Paqur'
438 4007 520 4082 filias
544 4006 657 4082 Oppius
677 4009 759 4083 pium
780 4025 895 4066 aunam
916 4006 969 4066 loc
990 4005 1107 4083 (dedit).

280 4107 356 4165 Post
376 4109 451 4167 haec
473 4109 563 4167 uerba
584 4108 615 4165 in
638 4128 786 4167 marmore
808 4108 955 4167 Dianensi
982 4108 1094 4184 scripta
1120 4108 1251 4185 incipere
1275 4107 1409 4167 alteram
1429 4108 1538 4169 inscri-

197 4209 310 4285 ptionis
336 4210 585 4283 enuntiationem,
614 4211 679 4287 ipse
706 4211 835 4289 lapicida
862 4229 897 4269 eo
921 4210 1071 4269 indicasse
1093 4209 1225 4281 ridetur,
1252 4208 1334 4287 quod
1363 4218 1441 4287 post
1471 4228 1540 4289 pro·

196 4330 306 4371 nomen
327 4335 373 4369 εκο
396 4313 494 4390 spatio
515 4313 688 4372 intermisso
711 4331 841 4389 sequens
858 4312 1036 4371 vocabulum
1058 4312 1122 4371 eius
1137 4332 1157 4370 a
1170 4312 1294 4371 sinistra
1313 4322 1404 4389 parte
1425 4312 1539 4392 lapidis
1576 4318 1581 4421 l

198 4414 329 4473 scribere
351 4422 381 4472 et
401 4414 564 4474 maioribus
587 4416 656 4473 inde
678 4416 787 4474 litteris
811 4416 855 4474 uti
877 4415 985 4492 coepit.
1021 4414 1056 4473 ln
1078 4414 1135 4473 hac
1156 4414 1248 4491 igitur
1268 4412 1349 4473 tituli
1371 4424 1465 4493 parte
1479 4416 1539 4475 Σα·

196 4511 273 4594 >refe
299 4515 377 4575 idem
399 4524 447 4574 est
468 4536 576 4575 nomen
599 4517 680 4594 quod
702 4517 791 4576 etiam
814 4518 845 4575 in
867 4517 955 4575 titulo
977 4516 1141 4594 sepulcrali
1156 4514 1295 4576 Cumano
1315 4514 1446 4593 legitur:
1470 4516 1540 4577 Sta·

201 4621 252 4675 tica
275 4616 362 4675 Siliea
384 4618 492 4677 ‚Soleus
516 4644 553 4668 =
577 4618 691 4678 Statius
719 4619 812 4678 Silius
840 4615 975 4689 Saluius,
1002 4618 1052 4676 ubi
1079 4617 1187 4677 Saloca
1214 4636 1254 4677 ex
1281 4616 1389 4691 Salva,
1417 4618 1559 4679 Salvias·

197 4730 295 4779 ortum
318 4738 385 4778 esse
407 4719 611 4778 demonstravi
632 4740 652 4777 a
673 4721 772 4779 vocali
793 4722 871 4781 inter
893 4730 1053 4797 sequentes
1073 4728 1275 4781 consonantes
1296 4720 1487 4799 interposita
1508 4732 1565 4781 nt'

195 4822 226 4878 in
250 4823 392 4896 erogetud
406 4848 443 4872 =
459 4832 578 4898 argento
601 4820 649 4897 (Z.
666 4824 693 4897 s.
709 4824 797 4899 carpi.
815 4822 886 4899 Spr.
903 4823 945 4895 X,
967 4824 1029 4883 325
1044 4844 1087 4901 sq.
1118 4822 1193 4897 XX,
1210 4822 1254 4885 97
1267 4840 1311 4899 tq.
1346 4824 1480 4903 ΛΜΨ.
1494 4824 1538 4897 ΙΙ,
1558 4850 1565 4859 ·

197 4920 266 4992 988,
288 4923 330 4979 cd.
351 4922 394 4998 2).
437 4922 583 4982 Ultimum
610 4924 816 5000 inscriptionis
838 4942 941 4982 vocem
959 4920 1038 5003 fuas
1066 4942 1125 4985 non
1153 4924 1323 4985 mutilatam
1344 4942 1420 4987 ease
1442 4908 1562 5009 fincta:

195 5022 297 5100 lapide
315 5023 363 5081 vel
378 5024 494 5083 detritis
509 5026 630 5098 litteris,
652 5045 688 5083 eo
710 5026 903 5103 intellegitur,
925 5027 1006 5103 quod
1028 5036 1099 5103 post
1118 5026 1252 5089 litteram
1270 5004 1405 5089 finolam¹
1419 5030 1489 5091 eiu!
1508 5028 1536 5089 'nt

195 5131 322 5202 utroque
343 5129 518 5205 apographo
533 5128 678 5187 Mandelli
694 5147 820 5188 vacuum
835 5138 962 5207 apparet
980 5128 1071 5189 unius
1090 5126 1211 5189 littafae
1230 5128 1376 5209 spatium,
1396 5132 1456 5193 ubi
1475 5130 1533 5191 nul·

194 5227 257 5286 lum
280 5229 447 5306 scripturae
469 5230 677 5290 detrimentum
701 5240 830 5291 notatur.
876 5230 952 5291 Cum
973 5229 1065 5309 igitur
1080 5224 1162 5309 fulcu
1184 5254 1223 5285 ιι
1244 5230 1312 5291 cala
1331 5232 1459 5315 integra
1479 5230 1529 5297 rol
