3458 6292
631 524 939 583 ADDITAMENTVM
960 523 1043 572 VOL.
1063 525 1092 573 ΙΙ

198 694 260 750 sive
290 695 468 769 oppidaaffl)
500 696 563 753 sive
595 694 754 771 certauit),
787 714 838 755 cos
871 697 930 754 iam
962 697 1163 773 intellegimus
1195 695 1285 754 ctiam
1317 697 1380 752 iure
1410 694 1533 752 differre

198 816 216 852 a
240 796 375 872 reliquis,
420 796 499 870 Quid
524 799 603 874 quod
627 818 693 856 cum
717 799 829 875 passim
853 799 973 870 titulos,
1002 801 1080 857 intra
1101 817 1202 857 muros
1225 798 1353 869 scilicet,
1382 798 1532 855 dedicarit

192 898 275 974 plebs
302 900 427 971 urbano,
463 901 528 957 uiro
555 901 697 975 primario
722 900 889 959 Veronensi
919 901 1076 976 titulum3)
1107 901 1245 977 posuisse-
1273 900 1422 958 invenitur
1448 900 1532 976 plebs

196 1002 372 1076 urricer(su),
400 1001 515 1060 scilicet
541 1014 601 1060 tam
625 1005 739 1061 urbana
760 1023 849 1078 quam
871 1004 996 1076 rustica,
1025 1021 1151 1079 eumque
1173 1003 1292 1061 titulum
1315 1021 1374 1060 non
1391 1001 1532 1060 Veronae

198 1103 362 1177 proposuit,
385 1105 546 1162 sedentes
569 1107 671 1163 urbem
694 1101 887 1182 Colognolae.

67 1214 178 1265 Dee-reta
280 1204 440 1263 Decretum
470 1207 661 1265 decurionum
685 1218 715 1265 at
737 1208 799 1265 iure
822 1210 887 1278 fiat,
915 1207 1089 1284 plerumque
1111 1218 1209 1266 certus
1231 1224 1372 1265 numerus
1396 1220 1428 1265 ut
1451 1206 1533 1264 adsit

63 1289 180 1412 ἀᾞθ·
198 1309 365 1383 requiritur.
409 1308 488 1367 Nam
517 1310 553 1367 de
581 1330 639 1366 uria
666 1319 780 1368 tantum
808 1330 854 1382 re,
881 1311 997 1369 scilicet
1022 1310 1158 1369 hostibus
1186 1310 1320 1368 coloniae
1347 1309 1532 1367 territorium

57 1438 186 1500 quomodo
196 1410 403 1468 invadentibus
426 1413 600 1470 decuriones
623 1422 822 1487 quotcumque
845 1415 956 1471 adsunt
979 1423 1010 1471 ut
1032 1413 1192 1471 decernant
1212 1413 1392 1487 permittitur
1413 1410 1464 1486 (5,
1481 1412 1530 1485 5);

89 1512 153 1560 fiant
198 1512 313 1570 scilicet
338 1514 380 1569 ibi
402 1515 565 1590 periculum
587 1525 634 1572 cst
656 1516 686 1572 in
706 1534 798 1573 mora.
843 1516 950 1573 Altero
972 1517 1051 1574 eninr
1075 1513 1376 1589 111ο(7,15),101
1399 1514 1438 1572 de
1459 1534 1533 1572 cura

198 1615 374 1691 templorum
404 1616 518 1691 agitur,
551 1636 608 1674 non
641 1626 701 1675 tam
729 1617 808 1675 idem
835 1618 1018 1695 permittitur
1048 1637 1136 1695 quam
1166 1634 1308 1676 numerus
1334 1616 1532 1675 decurionum

196 1717 348 1794 legitimus
375 1738 435 1776 non
462 1719 642 1776 enuntiatur.
686 1719 848 1777 Praeterea
878 1722 1004 1796 singolis
1033 1720 1108 1778 locis
1137 1719 1248 1778 diserte
1276 1719 1312 1777 de
1341 1738 1377 1777 eo
1407 1728 1534 1777 caretur

197 1839 292 1894 neque
314 1832 412 1877 tamen
434 1821 546 1897 pariter
568 1822 673 1879 ubivis.
711 1821 790 1880 Nam
811 1835 954 1896 quattuor
975 1822 1122 1899 capitibus
1140 1822 1310 1897 requiritur,
1333 1834 1366 1881 ot
1379 1821 1461 1879 adsit
1474 1840 1533 1878 noa

196 1926 289 1980 1111111
310 1927 402 1980 mutor
419 1944 492 1999 pure
516 1923 574 1997 (sic
596 1926 629 1993 3,
646 1924 678 1998 9)
701 1924 765 1980 sive
787 1927 879 1982 maior
897 1944 970 1999 pars
994 1925 1052 1999 (sic
1073 1926 1100 1995 1,
1116 1925 1144 1983 9.
1168 1924 1201 1994 3,
1217 1924 1267 1981 24.
1290 1925 1324 1995 8,
1339 1926 1387 2000 5),
1415 1942 1477 1982 uno
1500 1938 1533 1979 ut

197 2025 276 2082 adsit
296 2044 352 2081 aon
373 2028 466 2083 mirrea
488 2028 608 2083 dimidio
628 2045 702 2101 pora
725 2025 849 2101 (6,18),
872 2026 998 2097 duobus,
1023 2037 1053 2083 at
1071 2027 1172 2084 adsint
1188 2045 1243 2084 aon
1259 2030 1352 2085 mium
1367 2025 1396 2083 L
1418 2026 1464 2100 (3,
1484 2025 1531 2084 19.

199 2128 230 2196 6,
248 2126 320 2201 33),
347 2127 426 2202 quod
453 2128 556 2185 eodem
579 2128 694 2185 ridetur
721 2128 833 2199 redire,
861 2147 927 2186 cum
954 2128 1130 2187 decuriones
1155 2137 1272 2188 centum
1299 2129 1330 2187 in
1356 2128 1531 2205 municipiis

124 2246 127 2255 ·
198 2246 264 2286 esse
287 2230 447 2305 solcaut4).
484 2230 598 2289 Tribus
621 2241 735 2288 tanturn
758 2230 833 2289 locis
856 2249 997 2289 numerus
1020 2231 1143 2290 dimidio
1164 2231 1259 2289 maior
1280 2230 1415 2288 minorve
1435 2230 1532 2307 exigi·

198 2339 259 2401 tar,
285 2340 315 2389 et
342 2332 458 2390 duobus
485 2334 603 2407 quidem
631 2333 741 2404 maior,
770 2335 892 2390 duarum
911 2337 1041 2409 praetium
1066 2334 1114 2409 (4,
1132 2334 1164 2408 1)
1191 2333 1300 2404 altero,
1327 2332 1423 2390 altero
1446 2336 1532 2389 trium

193 2437 322 2509 portium
345 2433 388 2508 (7,
408 2433 473 2509 44),
497 2454 555 2492 uno
578 2435 683 2506 minor,
706 2446 739 2492 ut
760 2435 858 2493 adsint
880 2455 934 2493 nore
955 2440 1047 2493 mitius
1070 2434 1201 2492 XXXX
1219 2433 1344 2509 (412).
1380 2431 1532 2493 Convenit

196 2536 288 2611 igitur
310 2537 359 2594 lex
380 2537 454 2594 hacc
475 2536 553 2594 lulia
575 2556 641 2594 cum
663 2537 834 2614 municipali
852 2534 1003 2609 Caesaris,
1025 2555 1101 2613 quae
1123 2548 1154 2594 ct
1172 2537 1241 2615 ipsa
1261 2536 1304 2611 (v.
1319 2536 1392 2611 150)
1415 2536 1533 2611 legatos

197 2657 250 2713 per
276 2639 417 2696 maiorem
443 2650 557 2716 partem
584 2638 777 2697 decurionum
805 2640 899 2697 creari
925 2641 1022 2713 iubet,
1053 2639 1254 2715 receduntque
1283 2638 1389 2697 ambae
1418 2658 1439 2697 a
1466 2637 1533 2714 lege

197 2740 369 2817 municipali
393 2759 539 2816 cuquam
562 2739 752 2818 6111111111)
776 2742 879 2799 scribit
900 2759 1019 2813 cavere,
1048 2752 1079 2799 ut
1100 2741 1173 2799 ordo
1195 2760 1254 2799 non
1276 2740 1364 2799 aliter
1384 2740 1534 2821 habeatur

197 2860 287 2916 quarn
309 2842 426 2901 duabus
448 2844 582 2919 partibas
604 2844 755 2913 adhibitis,
779 2862 868 2919 cluam
890 2844 985 2920 legem
1007 2856 1039 2901 et
1059 2843 1185 2901 edictum
1209 2843 1339 2919 Augusti
1362 2843 1400 2900 de
1423 2861 1532 2919 aquae·

197 2944 287 3001 ductu
301 2944 472 3002 Venafrano
495 2953 524 3003 et
539 2944 664 3003 Flaviae
685 2946 767 3023 leges
784 2945 971 3021 Salpensuna
992 2957 1021 3003 et
1035 2945 1218 3003 Malacitaua
1238 2946 1300 3003 lere
1316 2944 1532 3022 sequunturt).

198 3043 390 3124 Quapropter
411 3047 490 3104 haud
512 3047 574 3105 scio
597 3067 634 3105 nn
662 3057 781 3107 vetusta
807 3050 857 3106 lex
885 3050 1027 3107 maiorem
1056 3056 1171 3105 tanturn
1196 3047 1391 3106 decurionum
1414 3060 1533 3123 partem

197 3149 351 3223 requirens
374 3150 411 3206 ab
426 3149 565 3225 Augusto
587 3151 705 3209 demum
727 3160 841 3208 mutata
863 3151 903 3207 sit
924 3150 1086 3208 substituto
1108 3149 1234 3209 duarum
1248 3150 1377 3225 partium
1395 3168 1532 3208 numero.

198 3247 340 3309 Senatum
363 3251 531 3310 Romanum
559 3272 625 3310 cum
651 3261 768 3311 constet
794 3274 830 3312 ne
858 3253 969 3312 liberae
995 3252 1113 3329 quidem
1136 3253 1181 3310 rei
1202 3253 1339 3328 publicae
1359 3262 1460 3311 aetate
1483 3252 1533 3311 de·

198 3373 318 3412 cernere
341 3354 487 3429 potuisse,
516 3355 571 3412 uisi
596 3354 633 3411 ad
660 3375 813 3413 nnmerum
837 3364 992 3413 senatores
1016 3364 1128 3427 essent,
1155 3354 1183 3413 is
1205 3372 1346 3413 numerus
1367 3355 1419 3431 qui
1440 3354 1535 3413 tuerit

197 3475 257 3512 non
286 3457 456 3531 constetl),
486 3458 540 3514 hac
566 3457 632 3531 lego
659 3456 768 3513 collata
794 3458 947 3531 probabile
974 3466 1020 3515 est
1046 3457 1188 3515 maiorem
1215 3465 1330 3534 partem
1356 3464 1532 3516 senatorum

196 3557 304 3615 adesse
326 3558 476 3630 debuisse,
499 3558 556 3615 uisi
579 3558 700 3633 speciali
723 3558 788 3634 lege
810 3560 912 3635 aliqua
934 3568 985 3617 aut
1006 3560 1043 3618 dc
1065 3560 1177 3617 maiore
1199 3570 1252 3619 aut
1272 3560 1309 3619 de
1329 3558 1446 3619 minore
1462 3578 1533 3619 cau·

197 3670 259 3716 turn
282 3670 372 3719 essct.
1009 3664 1028 3721 ἰ

279 3763 393 3821 Eorum
415 3774 586 3822 senatorum
609 3766 660 3839 qui
683 3765 783 3822 adsint
806 3774 837 3822 ut
860 3766 954 3824 maior
975 3783 1046 3841 pars
1069 3765 1235 3824 consentiat
1255 3765 1430 3842 plerumque
1448 3765 1532 3825 suffi-

196 3865 244 3935 eit,
267 3865 296 3922 id
319 3867 399 3940 quod
426 3866 540 3941 passim
564 3865 606 3939 (1,
623 3868 651 3922 0.
676 3866 709 3935 3,
726 3866 753 3923 9.
773 3870 818 3925 19.
842 3866 987 3941 4,1.12)
1010 3867 1121 3925 diserte
1143 3868 1321 3927 enuntiatur.
1367 3867 1533 3945 Exceptio·

197 3986 263 4024 nem
287 3967 400 4025 saciant
420 3967 479 4025 duo
503 3967 601 4041 capita
622 3966 659 4023 de
682 3968 799 4043 bospite
821 3969 875 4044 (8,
891 3968 929 4043 5)
952 3978 1139 4045 patronoque
1161 3970 1210 4045 (7,
1225 3970 1283 4045 44)
1305 3969 1463 4046 eligend03
1490 3970 1532 4029 ibi

196 4070 275 4126 enim
303 4088 362 4127 non
388 4080 501 4127 tantum
531 4078 564 4125 ut
590 4068 692 4127 adsint
720 4070 815 4127 rrraior
839 4088 909 4144 pars
932 4070 1045 4128 duasve
1067 4080 1168 4146 partes
1190 4072 1335 4149 exigitur,
1363 4070 1418 4129 sed
1441 4071 1532 4131 etiam

199 4183 230 4230 ut
256 4181 301 4229 tot
323 4191 444 4229 numero
467 4173 664 4231 consentiant.
709 4173 765 4230 Per
786 4172 917 4229 tabellum
940 4183 972 4230 ut
992 4172 1166 4249 suffragium
1187 4174 1309 4244 feratur,
1335 4184 1462 4233 cautum
1485 4184 1534 4233 est

274 4565 296 4626 ¹)
324 4566 525 4615 Henzenoatt.

272 4655 297 4719 ⁹)
325 4659 535 4709 Orelli-llcnzcn
556 4658 598 4708 75.
618 4659 699 4708 1052.
720 4658 805 4719 6966,
832 4659 894 4707 item
916 4656 988 4725 plebs
1012 4654 1111 4707 arbona
1136 4656 1232 4721 passim
1256 4654 1327 4719 (11111
1345 4656 1461 4711 Romen
1479 4660 1535 4711 11111.

196 4764 221 4812 p.
239 4750 309 4811 150).

272 4840 297 4901 ³)
326 4844 386 4892 Vol.
398 4844 422 4892 V
435 4860 461 4892 n.
476 4843 545 4892 3341
562 4863 595 4882 τ-
610 4844 716 4892 lIcnzen
730 4843 810 4893 5591.

271 4932 296 4995 ⁴)
324 4935 478 4998 Marqaardt
498 4932 741 5001 Stactarcreoltuap
757 4938 780 4997 l,
795 4936 857 4985 502.

273 5024 296 5086 ⁵)
325 5027 525 5091 0115113.

272 5116 296 5178 ⁶)
325 5120 357 5168 V.
377 5135 469 5169 comm.
489 5135 573 5169 meram
594 5135 619 5183 p.
635 5121 701 5179 412;
722 5120 875 5184 Marqaardt
894 5116 1257 5185 8111111·οη11111191,510.

272 5206 296 5271 ⁷)
325 5211 425 5261 Becker
444 5212 470 5260 in
490 5212 585 5261 enchir.
602 5214 627 5273 2,
643 5213 668 5272 2,
683 5212 745 5262 436.
759 5214 829 5272 4411
848 5210 1001 5276 lllarqaardt
1018 5210 1052 5259 ib.
1073 5212 1099 5273 a,
1113 5209 1141 5273 3,
1153 5208 1217 5261 225.
