3458 6292
142 508 194 558 aas
553 504 638 558 von
664 507 679 556 1
705 506 1067 569 sunrovrssnussvu.
1397 487 1469 557 207

138 699 260 740 arvoree
281 681 336 740 irae
353 683 444 755 sarit,
466 682 529 756 fin]
550 685 609 738 ium
631 684 696 756 quis
716 681 791 740 volet
814 700 869 757 pro
898 684 1064 740 ioadieatod
1084 681 1225 757 rr(amam)
1247 681 1294 754 [L
1305 682 1338 755 ¹]
1359 701 1472 740 manum

137 782 277 859 iemetfflo
299 780 427 858 ested2).
470 782 553 843 Seioe
571 781 800 859 mo[pi]sterotue
821 783 895 843 volet
915 786 1044 855 moliare,
1067 784 1175 842 licetod.

216 885 253 944 ld
275 894 335 945 est:
358 886 396 943 ia
417 885 470 945 lroe
491 885 554 944 iace
579 894 688 946 stereus
709 905 744 944 ae
765 891 830 963 qais
844 889 976 962 fundite,
1004 905 1072 945 neve
1093 887 1216 946 cadaver
1234 891 1376 963 proicite,
1402 906 1469 946 neue

132 997 294 1066 parentato.
338 985 460 1064 Siquis
481 989 619 1047 adversus
641 989 694 1047 doe
708 993 823 1065 fecerit,
844 993 875 1046 in
897 1007 957 1047 eam
979 993 1005 1047 ei
1025 993 1076 1066 qai
1090 990 1163 1049 volet
1179 1009 1236 1066 pro
1250 992 1376 1050 iudicato
1390 1009 1468 1048 aum·

132 1110 207 1150 mum
224 1088 255 1148 L
275 1107 377 1148 mosas
397 1093 510 1148 iniectio
533 1101 599 1150 esto.
644 1088 713 1150 Sioe
733 1094 919 1167 mapistrutus
940 1091 1015 1150 uolet
1034 1092 1164 1164 multare,
1187 1091 1279 1152 liceto.

218 1190 438 1253 Grammaticos
470 1192 498 1251 ei
535 1192 578 1251 rei
614 1209 703 1269 pares
739 1211 806 1252 eum
827 1194 948 1253 dubium
977 1211 1037 1252 nen
1066 1195 1106 1253 sit
1141 1212 1212 1253 mox
1239 1195 1275 1253 de
1304 1195 1361 1252 hoe
1382 1194 1468 1253 titulo

133 1294 302 1356 accuratius
322 1294 456 1354 dicturos
478 1311 558 1368 esse,
579 1314 636 1375 ege
659 1295 695 1354 de
718 1306 893 1375 argumento
915 1314 1013 1373 pauca
1034 1296 1157 1367 addam;
1185 1315 1254 1355 nam
1282 1297 1383 1356 multis
1406 1316 1465 1355 nen

137 1399 251 1476 indiget
276 1397 321 1456 rei
342 1397 494 1458 evidentia
514 1408 545 1457 et
566 1398 774 1476 perspicuitas.
819 1399 880 1475 Agi
902 1407 1028 1476 apparet
1055 1397 1092 1457 de
1113 1398 1181 1456 luco
1210 1415 1296 1457 sacro
1319 1418 1380 1459 non
1402 1400 1467 1476 pol-

132 1501 242 1561 luendo
264 1499 511 1559 immunditiebus
534 1499 731 1577 sepulcrisve,
754 1507 787 1558 ut
808 1500 839 1559 in
861 1501 1034 1559 universum
1056 1501 1098 1558 sit
1118 1510 1240 1577 praetor
1262 1501 1348 1579 (Dig.
1371 1502 1420 1574 43,
1438 1502 1466 1575 6,

139 1600 247 1681 lpr.):
270 1604 302 1660 ira
323 1602 385 1661 loco
407 1619 492 1661 eaero
510 1605 613 1677 soeere
639 1607 703 1662 inve
730 1621 792 1662 eam
818 1605 964 1662 immittere
993 1605 1066 1679 qaid
1091 1613 1161 1665 veto.
1209 1596 1304 1662 Plane
1338 1605 1464 1662 similem

133 1703 376 1765 constitutionem
397 1713 497 1764 tamen
519 1723 579 1764 uon
600 1705 727 1784 repperi,
749 1722 931 1781 quamquam
950 1724 1046 1784 prope
1068 1704 1185 1766 aceedit
1207 1705 1251 1763 lec
1275 1711 1332 1764 rivi
1352 1706 1391 1764 Ul
1402 1750 1408 1763 .
1426 1748 1465 1788 „,

25 1823 27 1827 ’
135 1826 225 1885 quam
246 1806 326 1866 edidi
346 1806 377 1865 in
399 1806 532 1868 Hermae
553 1807 612 1866 vei.
637 1807 656 1865 4
677 1825 707 1883 p.
731 1805 791 1865 284
813 1808 1010 1885 repetivitque
1035 1807 1104 1867 inde
1125 1807 1294 1869 Wilmanns
1321 1826 1350 1865 n.
1374 1807 1465 1879 2730,

135 1909 185 1969 ubi
206 1910 250 1969 sie
271 1917 332 1968 est:
368 1912 395 1967 ei
423 1889 502 1986 qais¹
520 1912 551 1968 in
577 1928 608 1968 eo
626 1909 715 1985 (rivo
742 1909 872 1986 scilieet)
897 1913 1036 1980 micuerit,
1067 1910 1266 1987 spureit(r'am)
1278 1911 1403 1992 jecerit,
1434 1914 1465 1967 ie

133 2011 295 2090 templum)
316 2011 396 2070 loeis
417 2010 594 2086 d(ornestieti
616 2013 764 2071 dommum
784 2010 885 2088 ceam)
906 2013 993 2082 dato;
1030 2012 1194 2088 del(atoris)
1218 2032 1291 2089 pars
1316 2012 1466 2089 dim(idia)

133 2124 200 2174 esto.
223 2145 263 2156 -
307 2111 368 2188 Qui
389 2124 494 2173 contra
519 2114 608 2186 iacit,
636 2115 665 2172 ei
691 2115 747 2173 hac
776 2115 911 2174 iussione
943 2132 1043 2190 poena
1067 2114 1231 2192 imponitur
1264 2124 1315 2174 aut
1347 2116 1464 2193 privato

64 2237 69 2248 ·
133 2215 244 2276 indicio
274 2215 425 2295 exigenda
450 2225 502 2276 aut
522 2217 653 2294 publice.
697 2214 788 2290 Quod
809 2235 870 2293 qno
890 2217 954 2275 iure
981 2216 1034 2275 fiat
1060 2217 1087 2276 si
1109 2226 1277 2294 quaeratur,
1303 2217 1464 2295 responde-

129 2320 229 2379 bimus
250 2319 316 2378 iure
337 2317 457 2395 publico
478 2319 582 2396 popuii
603 2317 744 2379 Lucerini
766 2319 850 2395 (nam
871 2319 990 2378 colonia
1011 2317 1123 2378 Latina
1143 2318 1273 2378 Luceria
1293 2321 1363 2391 fuit,
1396 2339 1463 2378 cum

116 2413 181 2479 'bie
202 2418 306 2479 titulus
326 2420 457 2499 scriptus
479 2431 536 2493 est,
559 2430 588 2479 et
608 2423 640 2480 in
662 2440 720 2480 sua
740 2422 902 2499 potestate)
928 2421 972 2479 ita
997 2421 1177 2493 obtinuisse,
1205 2422 1269 2480 sive
1294 2423 1325 2481 in
1347 2423 1463 2481 univer-

131 2540 198 2582 sum
224 2539 307 2580 more
336 2523 484 2583 maiorum
520 2524 585 2584 sive
616 2523 683 2602 lege
709 2524 816 2603 popuii
843 2522 881 2582 de
912 2523 969 2582 boe
1000 2524 1069 2601 ipso
1103 2523 1170 2582 luce
1197 2523 1268 2583 iata.
1318 2523 1464 2586 Sciebant

133 2632 232 2683 autem
252 2623 382 2684 Romani
409 2626 440 2685 in
461 2625 610 2685 eiusmodi
630 2625 759 2698 delictis,
781 2644 857 2702 quae
879 2637 909 2684 et
929 2627 1074 2703 populum
1094 2626 1247 2686 laederent
1268 2636 1298 2685 et
1318 2629 1462 2704 pecuniae

132 2726 370 2786 aestimationem
392 2727 592 2801 admitterent,
615 2738 675 2786 tam
698 2727 846 2805 publicum
866 2727 1188 2807 iudiciumproponere
1202 2747 1291 2805 quam
1312 2730 1461 2806 privatum

129 2828 398 2913 memoratorium,
426 2848 487 2906 qua
517 2830 554 2889 de
581 2851 614 2889 re
641 2830 706 2889 dixi
738 2830 811 2889 alibi
833 2830 1029 2908 (Staaareelrt
1057 2834 1089 2904 1,
1115 2831 1187 2908 141)
1214 2830 1363 2908 fidemque
1389 2833 1463 2891 facit

129 2931 306 3008 praesertim
339 2931 442 2990 tabula
475 2931 608 2991 Bantina
636 2952 663 2991 v.
692 2932 710 2991 8
741 2950 804 3009 seq.
848 2930 908 2994 Sed
941 2933 1015 2991 haee
1036 2951 1124 3010 quam
1154 2933 1206 2993 lex
1234 2931 1382 2993 Lucerins
1409 2935 1461 2994 dat

128 3033 211 3110 optio
247 3034 284 3093 ab
312 3032 366 3092 iiia
400 3053 437 3092 eo
469 3035 590 3095 nomine
616 3035 724 3107 differt,
760 3035 840 3111 quod
876 3035 1008 3094 Bantius
1039 3035 1144 3093 tabula
1174 3036 1383 3113 magistratum
1410 3038 1460 3113 qui

128 3135 210 3196 volet
230 3143 456 3211 recuperatores
483 3147 660 3215 apraetore
687 3146 789 3214 petere
815 3138 911 3211 iubet,
938 3137 1087 3198 Lucerina
1118 3133 1213 3196 civem
1241 3156 1462 3216 quemcunque;

127 3237 218 3315 plane
243 3244 277 3296 ut
297 3237 405 3315 legitur
426 3239 458 3298 in
472 3239 621 3299 institutis
643 3239 798 3299 iustiniani
821 3242 851 3313 4,
874 3241 913 3298 10
942 3260 1005 3317 pn:
1043 3259 1104 3300 eam
1133 3239 1200 3298 olim
1226 3244 1257 3298 in
1282 3259 1337 3300 aaa
1353 3244 1462 3315 suisset

126 3339 245 3400 citerius
265 3343 377 3402 nomiae
397 3360 480 3419 opere
501 3361 559 3402 aon
575 3360 663 3420 posse
683 3346 742 3401 nisi
762 3361 818 3418 pro
836 3342 961 3420 popolo,
991 3362 1048 3420 pro
1074 3342 1217 3416 libertate,
1240 3362 1297 3419 pre
1321 3343 1459 3421 cistelei).

205 3706 228 3771 ¹)
248 3711 300 3763 Pro
319 3719 352 3762 Νι
373 3706 399 3757 in
419 3705 509 3771 iapida
527 3721 632 3758 neeesse
652 3713 691 3757 est
707 3706 786 3757 fuerit
804 3716 853 3761 Ni,
877 3706 1001 3757 similisve
1019 3713 1082 3757 nota
1100 3708 1249 3758 numeralis.

205 3801 231 3870 ²)
251 3801 421 3854 Accusatirus
439 3816 537 3850 monum
555 3803 652 3867 pendet
669 3816 686 3850 a
704 3801 864 3852 substantivo
878 3801 974 3851 verbali
993 3802 1108 3864 iniecti03
1128 3805 1164 3854 ita
1183 3804 1252 3853 enim
1272 3804 1459 3854 emendandum

125 3904 172 3947 est.
210 3895 314 3949 Similia
340 3901 366 3942 et
392 3893 461 3958 apud
497 3902 587 3960 poetas
620 3893 733 3945 Graecos
760 3894 855 3958 passim
884 3895 1046 3958 reperiuntur
1076 3903 1102 3947 ut
1136 3896 1244 3946 Plautus
1285 3912 1386 3961 quoquc
1423 3897 1459 3946 sie

123 3990 224 4040 loeutus
252 3994 291 4039 est
317 3986 470 4036 Aululariae
489 3987 516 4050 3,
531 3988 556 4050 2,
571 3988 601 4038 9:
631 3985 693 4053 quid
719 3982 767 4035 tibi
792 4000 845 4046 nor,
870 3984 980 4036 mendice
998 3985 1076 4048 deme,
1105 3989 1226 4038 tectiore!
1263 3989 1460 4054 Amphitruonis

125 4080 179 4133 519
197 4082 250 4132 si:
277 4080 339 4148 quid
366 4080 414 4132 tibi
435 4079 501 4131 dunc
524 4079 648 4129 caretieet
664 4079 733 4128 rem?
770 4077 880 4129 Casinas
901 4079 925 4140 2,
941 4079 966 4141 6,
982 4079 1033 4130 56:
1059 4079 1121 4147 qaid
1138 4078 1185 4130 tibi
1204 4083 1282 4132 tactio
1302 4080 1366 4131 darre
1386 4081 1458 4146 fuiti

126 4174 294 4239 similiterque
318 4174 376 4224 siiis
394 4174 459 4225 loeis
483 4169 553 4235 (vide
571 4171 732 4236 Draegerum
756 4168 845 4220 dirior.
865 4167 965 4236 Syrtes
987 4169 1033 4222 der
1058 4172 1103 4223 iat.
1128 4171 1243 4241 Sproele
1264 4177 1288 4236 l,
1304 4173 1376 4235 330).
1422 4175 1460 4223 At

126 4282 185 4318 eum
203 4266 311 4318 Plautus
335 4281 367 4317 ea
384 4267 469 4316 torma
488 4265 524 4315 ibi
544 4264 723 4314 tantummodo
742 4271 836 4325 utatur,
861 4263 905 4313 ubi
930 4272 956 4315 et
973 4266 1106 4330 praecedit
1124 4265 1187 4333 quid
1203 4267 1415 4332 interrogativum
1434 4273 1460 4314 et

122 4360 238 4425 sequitur
270 4358 376 4409 verbum
405 4358 608 4417 substantivum,
636 4356 664 4404 in
691 4354 741 4405 hoc
764 4355 839 4405 titulo
867 4363 894 4406 ut
926 4357 954 4406 id
983 4359 1068 4423 ipsum
1093 4361 1221 4424 sequitur,
1252 4361 1289 4409 ita
1319 4357 1381 4425 qaid
1404 4373 1457 4408 non

72 4511 76 4517 ¹
124 4451 270 4517 praeeedit,
296 4465 344 4502 nec
368 4453 420 4502 iarn
445 4450 552 4502 dubium
577 4456 617 4498 est
634 4447 701 4498 hane
724 4449 866 4499 rectionem
890 4464 943 4499 non
967 4449 1123 4501 Graecismis
1148 4452 1368 4502 adnumerandam
1393 4466 1457 4513 esse,

122 4545 169 4596 sed
192 4545 220 4594 io
244 4551 344 4594 vetusto
370 4557 488 4595 sermone
517 4542 612 4593 Latine
635 4540 778 4606 legitimum
800 4541 885 4591 loenm
910 4541 1061 4593 obtinuisse.
1098 4545 1156 4594 Hoc
1180 4560 1238 4594 eum
1263 4545 1384 4594 Plautino
1410 4560 1457 4594 usu

123 4637 253 4710 convenit,
272 4637 343 4703 quod
361 4636 435 4701 posui
460 4635 487 4684 in
510 4635 560 4684 iem
577 4650 675 4683 manum
693 4633 793 4683 iniectio
812 4631 889 4693 estod,
920 4641 948 4683 ut
966 4635 993 4684 in
1016 4651 1070 4686 eom
1088 4643 1191 4701 regatur
1207 4652 1223 4687 a
1242 4637 1320 4687 verbo
1339 4637 1456 4687 substan-

122 4731 190 4793 tivo;
231 4729 349 4779 similiter
375 4729 403 4778 in
434 4728 560 4778 sententis
593 4724 656 4793 qaid
682 4721 730 4774 tibi
763 4723 830 4776 done
862 4727 985 4777 curatiost
1009 4729 1076 4778 remi
1108 4729 1209 4780 dativus
1236 4728 1332 4794 pendat
1358 4729 1390 4778 ab
1419 4735 1457 4779 est

123 4822 258 4884 vocabulo,
277 4820 438 4872 aecusativus
458 4835 474 4870 a
493 4820 615 4871 curando.

200 4911 225 4976 ⁸)
257 4913 352 4965 Gaium
371 4913 428 4964 loeo
448 4913 526 4964 simili
545 4913 571 4974 4,
588 4913 631 4974 82,
651 4925 727 4978 quem
753 4912 790 4960 sie
810 4912 911 4978 excepit
930 4913 1144 4966 Stodemundius:
1176 4930 1230 4965 eam
1254 4914 1378 4982 olimque
1399 4921 1455 4964 tem-

109 5022 185 5074 pore
204 5005 268 5073 lepis
287 5006 399 5057 actiones
423 5006 449 5055 ira
473 5021 520 5055 aaa
536 5004 650 5070 fuissent
668 5004 750 5054 aliene
770 4984 866 5053 eramiae
889 5021 965 5071 apere
989 5023 1038 5057 soa
1063 5007 1148 5057 liceret
1165 5023 1249 5076 prope
1267 5007 1300 5071 (t)
1321 5023 1395 5075 quam
1413 5023 1454 5057 sr-

122 5100 201 5165 eeptt'e
220 5099 313 5161 emtam,
333 5106 441 5164 apparet
458 5100 494 5149 sie
513 5099 657 5163 scripsisse:
678 5114 727 5148 noa
747 5096 834 5148 liceret
849 5106 1029 5168 praeterquam
1054 5115 1084 5151 ee
1102 5101 1178 5151 certia
1196 5101 1281 5152 cauere
1303 5115 1386 5166 aeque
1411 5113 1455 5150 eas

122 5193 192 5257 ipsas
210 5192 334 5243 attulisse.
