3458 6292
654 522 730 571 aex
749 522 831 571 con.
852 522 1080 573 66666666.
1463 504 1531 572 121

202 624 337 631 -.-·.
680 624 791 631 ——..
805 625 934 633 -———-

197 692 344 753 Ceterum
373 694 494 753 tabulae
520 668 617 770 primii
643 704 673 753 et
699 697 831 754 secunda
858 695 1041 771 quadratarii
1068 695 1211 752 incuriam
1234 694 1352 770 quidem
1374 713 1535 771 perpessae

197 806 269 855 aunt
296 797 549 873 invenienturque
576 797 653 856 adeo
679 797 827 857 formulae
848 798 993 875 quaedam
1015 817 1068 874 per
1090 797 1257 854 universam
1280 797 1375 873 legem
1398 797 1535 855 similiter

197 908 371 977 corruptae.
405 900 452 958 lta
472 899 632 959 notissima
652 899 705 957 illa
726 918 803 976 quae
824 910 872 959 661
889 904 1029 976 pecuniae
1048 904 1113 975 quei
1134 900 1208 957 calet
1224 903 1321 976 petitio
1344 910 1400 957 eata
1422 900 1535 957 omisso

198 1020 240 1059 cx
266 1000 393 1078 antiqua
419 1002 635 1061 consuetudine
660 1003 837 1079 pronomine
864 1001 1137 1076 demonstretis-0¹)
1164 1002 1195 1059 in
1222 1001 1279 1059 lrac
1305 1002 1370 1077 lege
1391 1012 1534 1077 perpetuo

198 1104 245 1163 eie
266 1102 393 1163 effertur
413 1108 551 1181 pecuniae
572 1108 618 1163 cai
639 1105 713 1163 uolet
729 1109 827 1181 petitio
850 1116 917 1175 esto,
940 1104 1020 1181 quod
1042 1104 1148 1162 Latine
1172 1105 1229 1162 dici
1253 1122 1311 1161 non
1334 1112 1442 1181 potest.
1478 1103 1536 1160 Pa-

199 1206 275 1265 riter
296 1206 424 1282 antiqua
443 1206 556 1265 locutio
575 1210 602 1264 is
623 1210 690 1266 caia
711 1225 758 1265 res
780 1217 821 1265 est
842 1207 992 1265 invenitur
1013 1216 1153 1283 corrupta
1172 1205 1200 1277 7,
1220 1206 1266 1276 lli,
1282 1209 1379 1282 seriae
1394 1205 1535 1263 6166166166

198 1307 248 1367 bis
271 1308 318 1381 (2,
334 1306 384 1367 23.
401 1308 455 1385 34)
477 1318 609 1367 mutatam
630 1309 660 1367 16
683 1309 826 1367 dedicatas
848 1310 950 1368 nescio
972 1326 1063 1385 quaa:
1086 1318 1117 1367 et
1137 1308 1208 1366 alibi
1231 1327 1360 1383 quoquc,
1386 1318 1419 1366 ut
1440 1309 1469 1377 l,
1485 1306 1536 1377 20,

199 1409 352 1470 eiusmodi
378 1409 524 1469 formulas
547 1410 710 1469 tralaticias
732 1412 861 1487 scriptor
884 1428 943 1469 non
966 1412 1131 1469 intellectas
1154 1430 1275 1487 pessum
1298 1411 1387 1469 dedit.
1431 1408 1536 1467 Nihilo

199 1512 302 1571 minus
326 1511 385 1570 hae
409 1512 529 1571 tabulae
555 1512 632 1571 duae
659 1532 719 1572 non
747 1514 902 1572 subierunt
929 1514 1190 1589 interpolationem
1219 1532 1284 1571 earn
1313 1531 1390 1589 quae
1417 1512 1534 1570 tertiam
1553 1516 1671 1579 interpo-

200 1614 323 1673 diverso
350 1613 457 1692 opinor
483 1624 616 1692 tempore
643 1625 798 1674 exaratam
830 1616 916 1675 foede
946 1617 1085 1691 corrupit.
1135 1618 1170 1675 In
1205 1635 1241 1674 ea
1269 1615 1384 1674 scilicet
1410 1591 1689 1713 pessim,wb¹l²l¹{}²‘r‘um

201 1716 254 1775 ubi
278 1716 436 1775 enuntiata
456 1728 634 1794 separantur
655 1718 819 1777 interiectis
841 1718 1137 1777 determinationibus
1160 1719 1290 1777 sermoni
1311 1717 1444 1794 legitimo
1467 1736 1534 1793 pro·

200 1816 293 1895 priis,
320 1820 414 1879 rerba
440 1836 496 1878 suo
524 1820 592 1879 loco
619 1820 721 1897 posite
752 1820 850 1879 alieno
878 1821 957 1878 male
983 1830 1156 1897 repetuntur
1184 1820 1245 1894 (ita
1273 1820 1305 1891 6,
1327 1819 1376 1877 20.
1406 1819 1434 1889 7,
1456 1819 1485 1876 7.
1508 1818 1536 1878 9.

201 1918 231 1989 8,
246 1918 316 1995 35).
358 1919 460 1979 Etiam
481 1922 605 1999 gravius
625 1930 682 1993 est,
704 1922 784 1999 quod
806 1922 916 2000 legitur
938 1924 966 1993 7,
984 1924 1016 1981 6:
1039 1927 1090 1999 qai
1108 1921 1353 1998 prerinc(iarurn)
1376 1922 1538 1997 Hispania·

199 2020 296 2097 ν(666)
321 2022 481 2082 ulteriorem
503 2023 643 2083 Baeticae
664 2029 780 2101 praerit
803 2026 948 2095 obtinebit3
975 2044 1043 2082 nem
1070 2044 1135 2083 cum
1163 2045 1228 2083 eam
1256 2024 1440 2102 provinciam
1463 2022 1537 2082 an-

199 2124 282 2183 66616
305 2130 405 2183 661616
426 2124 577 2185 ulterioris
599 2144 706 2186 nomen
728 2126 862 2203 gessisse
883 2134 1001 2186 constet
1021 2146 1075 2185 666
1089 2127 1229 2186 Baeticae
1249 2146 1357 2185 nonren
1372 2125 1539 2201 reperiatur

199 2236 272 2285 ante
294 2226 493 2313 imperatores
508 2226 634 2287 Fluvios
656 2227 1188 2305 (MarqnardtStaateeereealtunpl,
1208 2229 1289 2304 105),
1312 2228 1463 2286 evidenter
1485 2246 1537 2302 ap-

198 2335 290 2405 paret
315 2328 347 2388 16
372 2328 440 2407 ipsa
461 2329 527 2407 lege
548 2331 693 2407 scriptum
716 2330 811 2389 fuisse
837 2334 888 2407 qui
908 2335 1120 2407 provinciaram
1142 2332 1355 2406 Hispaniarum
1375 2330 1539 2388 ulteriorem

199 2430 354 2501 obtinebit,
374 2431 467 2491 rerba
487 2440 589 2491 autem
610 2433 750 2493 Baeticae
766 2437 882 2510 praerit
902 2433 939 2491 de
959 2435 1005 2492 661
1028 2434 1170 2509 temporis
1193 2452 1251 2491 usu
1273 2433 1389 2491 adiecta
1410 2449 1477 2489 6666
1499 2433 1547 2490 ab·

199 2532 430 2611 interpolatore.
474 2531 614 2610 Denique
640 2535 745 2593 eodem
768 2536 884 2594 videtur
910 2535 1094 2594 referendum
1122 2553 1204 2607 6666,
1232 2535 1310 2611 quod
1336 2535 1479 2594 iudicium
1501 2535 1537 2591 ‹le

200 2634 336 2711 pecunia
356 2646 440 2695 certa
459 2636 622 2696 commissa
643 2638 674 2695 in
695 2637 806 2696 tabulis

201 2736 324 2797 11661666
347 2738 499 2817 prioribus
526 2740 584 2797 hac
611 2740 709 2798 forma
736 2739 856 2798 effertur
889 2742 921 2799 in
947 2741 1035 2798 tertia
1056 2760 1127 2798 vcro
1153 2740 1265 2816 septies
1288 2740 1331 2797 sic
1352 2749 1399 2798 cst
1421 2740 1472 2816 (li,
1489 2738 1537 2797 26.

203 2846 316 2915 quater
336 2840 381 2915 (l,
398 2840 445 2898 17.
463 2838 513 2899 25.
536 2840 567 2913 3,
582 2840 631 2900 21.
655 2843 685 2915 5,
703 2840 770 2917 19):
891 2844 940 2901 45.
964 2843 993 2913 7,
1009 2842 1058 2901 29.
1075 2843 1123 2900 37.
1142 2843 1190 2902 50.
1215 2844 1243 2914 8,
1260 2842 1305 2900 13.
1323 2840 1392 2917 21):

247 2960 374 3037 eiusque
387 2960 531 3037 pecuniae
551 2962 598 3020 cni
617 2960 712 3037 [immo
726 2961 790 3038 qui]
807 2980 856 3019 vo·
933 2964 1057 3039 eiusque
1083 2963 1228 3039 pecuniae
1254 2962 1302 3020 cui
1329 2981 1432 3021 eorum
1458 2964 1539 3021 volet

250 3060 294 3119 161
312 3062 419 3139 petitio
438 3063 669 3140 persecutioque
691 3073 765 3122 esto.
932 3066 1152 3141 recuperatorio
1182 3065 1293 3124 iudicio
1315 3077 1387 3140 aput
1408 3065 1537 3122 llvirum

934 3166 1123 3243 [interregem
1142 3171 1196 3225 ina.
1214 3168 1241 3238 7,
1255 3167 1307 3243 50]
1320 3167 1538 3244 praefecturae

933 3269 1010 3326 actio
1037 3269 1143 3344 petitio
1170 3270 1395 3346 persecutioque
1421 3288 1460 3328 ex
1482 3270 1538 3326 hac

933 3370 1000 3449 lege
1022 3372 1070 3428 ius
1092 3380 1286 3449 potestasque
1309 3382 1384 3430 esto.

266 3496 315 3543 na
329 3494 368 3543 cui
385 3492 434 3543 166.
453 3492 628 3555 calculorum)
648 3493 703 3542 eiua
718 3492 855 3556 col(oniae)
935 3508 1022 3543 corum
1043 3510 1089 3543 orn.
1110 3494 1139 3556 6,
1154 3496 1189 3544 tt
1211 3489 1214 3561 Ι
1241 3510 1290 3559 que
1310 3512 1356 3544 om.
1377 3495 1407 3555 6,
1423 3497 1456 3544 '28
1480 3489 1483 3561 l
1506 3510 1537 3543 ex

269 3582 330 3643 ³,ss
349 3580 353 3652 Ι
373 3586 568 3651 persecutioque
587 3602 634 3635 am.
654 3586 679 3647 3,
695 3586 738 3635 21.
934 3602 980 3635 ern.
1001 3586 1026 3647 6,
1041 3588 1084 3637 43.
1106 3586 1180 3649 8,13
1203 3582 1206 3653 l
1229 3602 1277 3651 que
1296 3604 1343 3637 aar.
1365 3589 1389 3648 7,
1404 3588 1448 3637 31.

238 3700 347 3775 Quam
371 3711 499 3771 domum
524 3710 718 3769 formularum
742 3710 871 3786 priorem
893 3721 923 3769 ct
947 3710 1014 3781 lex,
1041 3731 1129 3788 quam
1156 3712 1278 3771 huiusce
1300 3713 1388 3788 quasi
1414 3721 1538 3769 matrem

241 3812 447 3886 asarinus,
475 3812 556 3873 Iulia
582 3812 698 3872 scilicet
723 3814 843 3889 agraria
869 3812 1024 3872 coufirmat
1050 3825 1080 3872 et
1106 3832 1204 3872 sermo
1230 3816 1383 3890 ratioque,
1414 3816 1538 3873 alteram

243 3914 318 3969 111116
338 3934 372 3973 ne
391 3914 533 3975 Latinam
560 3915 681 3991 quidem
707 3934 775 3975 6666
798 3915 895 3991 quivis
917 3915 1077 3991 intellegit,
1106 3927 1139 3974 ut
1166 3917 1213 3975 hic
1235 3936 1354 3994 quoque
1378 3917 1538 3995 deprehen-

246 4002 309 4069 leur
327 4014 512 4097 interpolatio
539 4017 647 4076 aetatis
673 4018 858 4093 posterioris.
880 4050 921 4059 -
948 4018 1053 4093 ltaque
1078 4038 1144 4076 cum
1167 4020 1222 4077 lras
1244 4019 1363 4077 tabulas
1386 4020 1539 4095 aliquanto

246 4118 298 4179 1111
311 4112 462 4179 Caesarem
484 4119 659 4178 dictatorem
682 4120 711 4177 in
734 4138 802 4178 aere
823 4120 935 4178 incisas
956 4138 1024 4178 6666
1047 4128 1172 4191 6666161,
1197 4133 1356 4199 postquam
1379 4123 1540 4198 imperator

249 4202 418 4291 lanaeum
437 4220 608 4299 Hispaniae
634 4222 761 4299 oppida,
788 4242 865 4299 quae
891 4223 1011 4297 quidem
1038 4222 1136 4280 adhuc
1161 4225 1309 4300 peregrini
1331 4224 1405 4281 iuris
1428 4233 1539 4293 666661,

248 4302 311 4371 [1111
325 4320 452 4391 donarit,
470 4322 612 4383 Baeticae
633 4332 713 4381 certe
734 4324 906 4401 provinciae
928 4326 1069 4383 universa
1089 4324 1201 4401 oppida
1217 4343 1287 4383 suas
1302 4326 1441 4402 quodque
1456 4326 1539 4403 leges

249 4410 333 4481 1111116
354 4442 522 4503 proponere
548 4426 634 4485 iussa
654 4425 793 4484 videntur
817 4444 898 4498 esse,
925 4435 957 4484 ut
978 4427 1083 4485 eodem
1105 4440 1238 4502 tempore
1260 4439 1290 4485 61
1311 4428 1392 4504 leges
1416 4427 1539 4486 Flaviae

250 4506 328 4581 i't'tte
349 4526 409 4587 6161
436 4524 603 4606 Salpensae
630 4538 661 4585 61
688 4528 823 4587 Malacae
851 4538 880 4585 et
906 4529 977 4587 haec
1003 4528 1145 4588 Caesaris
1174 4530 1328 4588 dictatoris
1356 4532 1441 4589 iussu
1469 4530 1540 4587 data

250 4612 533 4689 1161666666
554 4630 602 4689 rel
624 4631 724 4708 potius
746 4631 833 4689 huius
856 4630 976 4689 tabulae
997 4631 1095 4709 prima
1116 4632 1316 4708 secundaque.
1353 4632 1432 4691 Nam
1454 4632 1541 4690 tertia

150 4736 417 4807 ''N—-

302 4908 322 4975 11
341 4916 449 4971 Sim
464 4918 552 4971 7611616
567 4920 694 4985 reperitur
710 4920 738 4971 in
759 4919 814 4985 lege
833 4919 946 4970 Bantius
965 4936 989 4969 v.
1004 4922 1029 4981 9,
1050 4921 1249 4986 repetundarum
1267 4936 1291 4970 v.
1309 4920 1350 4982 18,
1370 4920 1437 4970 Iulia
1456 4922 1538 4970 muni-

150 5042 152 5077 ,
252 4988 685 5075 ΙΙ1661616101.166111,
703 5012 773 5063 Iulia
789 5013 891 5079 agraria
908 5014 962 5063 sive
981 5013 1109 5074 Mamilia,
1130 5013 1201 5063 alibi.
1238 5014 1315 5064 Dixit
1334 5014 1366 5062 de
1384 5030 1417 5063 66
1434 5012 1540 5077 Madvig

150 5148 160 5185 3
251 5096 326 5151 Ν
338 5102 393 5157 ht.
410 5118 436 5157 6.
447 5102 515 5157 821.
1051 5106 1058 5117 ’

1294 5197 1312 5256 9
