3458 6292
192 485 266 553 128
625 500 933 550 Abnrnsrinnrvu
951 496 1035 547 von.
1054 497 1082 545 11

187 677 278 735 fallor
300 676 539 751 antiquissimum
563 674 653 750 est1).
688 675 761 731 Item
785 672 1004 751 sexagesimum
1027 689 1137 729 annum
1158 690 1224 728 cum
1238 670 1321 746 leges
1337 670 1520 727 recentiores

188 779 224 836 de
246 797 278 836 re
300 778 471 854 municipali
494 778 583 853 plane
604 779 754 854 ignorent,
777 775 941 852 antiquitus
963 793 1029 832 eum
1051 774 1139 831 finem
1162 772 1254 831 luisse
1276 781 1395 830 constat
1416 791 1520 830 mune·

188 901 254 939 rum
276 881 464 957 publicorum
487 880 725 957 principiumque
747 879 842 937 iustae
865 877 1060 935 immunitatis
1070 873 1108 952 ²).

70 1506 162 1555 Ponti·
275 1493 471 1555 Sacerdotum
498 1494 625 1571 collegia
651 1494 710 1552 dno
737 1495 802 1553 sola
827 1503 1094 1554 commemorantur
1122 1512 1269 1571 augurum
1290 1493 1523 1572 pontificumque

80 1580 151 1639 ‘³⁰⁹⁸’
189 1597 317 1674 (1,1),
352 1615 430 1672 quae
463 1605 563 1655 notum
597 1605 644 1656 est
677 1596 765 1654 etiam
793 1597 823 1654 in
849 1616 881 1654 re
913 1597 1034 1674 publica
1063 1597 1202 1656 Romana
1236 1596 1302 1655 sola
1336 1596 1430 1655 fuisso
1462 1597 1521 1674 ipsi

61 1667 170 1717 augum
192 1699 332 1777 aequalia
358 1718 412 1757 nec
439 1699 569 1758 defuisse
595 1700 625 1757 in
652 1699 715 1758 ulla
741 1698 778 1756 ad
805 1700 870 1758 eius
897 1700 1120 1758 similitudinem
1143 1701 1288 1759 instituta.
1332 1696 1522 1759 Commemo-

192 1809 298 1860 rantur
323 1809 420 1860 autern
444 1802 498 1873 ita,
527 1811 560 1860 ut
582 1802 650 1860 inde
672 1812 817 1878 appareat
837 1820 856 1858 a
878 1801 1083 1861 sacerdotibus
1105 1801 1166 1861 illis
1188 1802 1300 1878 pariter
1320 1810 1411 1878 atque
1431 1820 1451 1859 a
1472 1802 1524 1860 de·

194 1904 364 1963 curionibus
391 1905 596 1980 magistratum
624 1904 733 1982 pignus
761 1922 868 1980 capere
893 1905 1041 1981 potuisse,
1069 1905 1095 1963 si
1120 1905 1172 1982 qui
1194 1922 1295 1963 eorum
1319 1903 1416 1962 officio
1438 1903 1524 1981 fungi

194 2006 387 2076 detrectaret3
416 2006 495 2083 quod
516 2006 632 2064 Romae
653 2024 773 2082 quoque
795 2006 960 2066 obtinuisse
983 2004 1089 2066 Cicero
1112 2007 1274 2084 significat,
1295 2006 1345 2064 nbi
1368 2005 1449 2082 ait³)
1472 2006 1524 2064 tri·

195 2109 306 2167 bunum
328 2107 426 2185 plebis
447 2109 579 2185 pontifici
602 2109 647 2166 ecl
668 2111 835 2167 denuntr'are
855 2107 992 2185 potuIsse
1013 2110 1058 2167 cel
1080 2113 1164 2167 stiam
1186 2128 1291 2185 capere.

61 2221 180 2271 Curata·
277 2212 320 2268 At
346 2229 456 2268 novum
484 2212 605 2270 omnino
632 2211 740 2269 accidit
765 2212 845 2288 quod
872 2229 896 2270 c.
919 2207 1090 2270 CXXVIII
1111 2212 1307 2288 perscriptum
1329 2219 1373 2271 est
1393 2209 1432 2268 de
1453 2228 1529 2269 cura

72 2311 164 2345 norum
195 2313 316 2391 publica
340 2313 475 2370 fanorum
503 2314 680 2390 templorum
709 2314 915 2385 delubrorum,
941 2313 1053 2372 scilicet
1079 2313 1206 2391 singulis
1232 2315 1319 2372 anuis
1339 2312 1459 2372 IIviros
1487 2333 1528 2371 ex

197 2417 391 2474 decurionum
413 2415 531 2474 decreto
553 2416 591 2474 ad
614 2416 733 2496 singula
753 2416 826 2474 fana
846 2416 1005 2492 magistros
1027 2417 1127 2476 iacere
1148 2426 1294 2492 oportere,
1316 2416 1367 2492 qui
1387 2414 1528 2492 magistri

198 2518 287 2576 ludos
315 2519 479 2590 circenses,
510 2518 670 2590 sacrificia,
697 2518 866 2595 pulvinaria
891 2518 1010 2576 iaciant.
1054 2516 1133 2576 Nam
1159 2521 1290 2594 mapistri
1306 2520 1377 2592 seat
1401 2517 1529 2594 quidem

197 2621 358 2698 aliquoties
379 2620 411 2677 in
432 2620 582 2695 lapidibus
604 2620 927 2696 commemorantum),
951 2620 1004 2680 sed
1025 2639 1086 2698 qno
1108 2622 1175 2679 loco
1196 2621 1321 2693 suerint,
1342 2639 1451 2698 parum
1473 2639 1530 2678 no·

195 2740 310 2795 ramus,
342 2741 409 2780 cum
437 2723 613 2799 praesertim
640 2723 765 2800 reliquis
794 2723 974 2782 illustriores
1001 2724 1162 2802 magistros
1190 2719 1360 2801 Campanos
1388 2729 1530 2800 apertum

197 2827 237 2884 sit
258 2825 478 2903 quodammodo
502 2827 686 2884 successisse
706 2827 737 2884 in
760 2826 857 2883 locum
874 2826 1114 2902 magistratuum,
1137 2825 1188 2901 qui
1204 2843 1239 2884 eo
1254 2833 1387 2902 tempore
1402 2822 1531 2902 Capuae

195 2928 271 2986 nulli
293 2935 386 2998 erant,
410 2929 510 3002 itaque
533 2946 608 3003 quae
631 2927 667 2985 de
687 2928 724 2986 iis
747 2928 903 2986 traduntur
924 2936 1070 3004 quatenus
1092 2928 1218 3004 reliquis
1240 2945 1358 3004 qnoque
1377 2934 1453 3004 apta
1466 2926 1532 2985 sint

195 3031 259 3088 iure
285 3029 413 3087 dubitari
440 3036 566 3105 poterat.
610 3030 675 3087 Iam
702 3030 783 3106 quod
809 3050 911 3089 eorum
940 3031 1019 3089 tituli
1045 3039 1193 3089 testantur
1217 3027 1339 3107 Capuae
1365 3029 1531 3108 maglanos

196 3133 358 3208 quotannis
381 3130 509 3189 reiectos
531 3149 597 3190 esse
620 3132 767 3208 ludosque
783 3131 912 3191 edidisse
934 3131 1041 3207 (roll
1062 3153 1089 3210 p.
1110 3131 1183 3208 159)
1205 3131 1235 3190 id
1254 3131 1353 3208 ipsum
1367 3131 1408 3189 ad
1423 3147 1531 3190 omnes

195 3234 332 3293 sanorum
355 3233 516 3311 magistros
538 3235 693 3311 pervenire
714 3236 787 3292 haec
808 3234 857 3292 lex
880 3235 1019 3307 ostendit,
1041 3253 1096 3294 nec
1116 3234 1204 3294 facile
1224 3235 1352 3312 posthac
1366 3233 1531 3311 quisquam

196 3336 317 3412 negabit
338 3337 500 3414 magistros
520 3337 665 3406 sanorum,
689 3337 794 3414 quales
816 3338 876 3395 iam
897 3336 1056 3395 didicimus
1078 3337 1109 3396 in
1132 3337 1250 3396 colonia
1265 3334 1418 3396 Genetiva
1433 3334 1529 3394 creari

197 3437 304 3495 solitos
325 3457 409 3512 esse,
435 3440 526 3498 etiam
547 3439 578 3498 in
599 3439 724 3516 reliquis
746 3440 870 3498 coloniis
892 3439 1123 3516 municipiisque
1145 3456 1298 3498 sacrorum
1320 3456 1427 3496 curam
1448 3438 1531 3496 simi·

196 3540 264 3598 liter
289 3541 399 3619 egisse.
444 3543 486 3599 At
512 3552 542 3600 et
562 3542 714 3601 difficilius
736 3543 823 3619 longe
844 3552 892 3601 est
912 3551 942 3599 et
964 3543 1057 3600 multo
1079 3541 1201 3601 maioris
1223 3541 1367 3599 momenti
1388 3539 1530 3599 determi-

274 3892 298 3954 1)
327 3894 401 3943 Idem
425 3893 547 3958 proponit
564 3892 656 3942 Festus
675 3907 699 3940 r.
719 3890 799 3955 pubes
818 3906 843 3955 p.
858 3890 920 3941 250.
959 3893 1026 3942 Iuris
1047 3900 1164 3943 auctores
1183 3891 1304 3953 Gainsl,
1320 3891 1372 3942 136
1393 3898 1419 3941 et
1437 3890 1529 3956 Ulpia·

197 4002 245 4036 nus
267 3988 310 4047 11,
330 3988 363 4035 26
384 3985 485 4035 scholas
504 3983 537 4032 de
556 3984 666 4032 termino
685 3983 834 4033 dissensisse
852 3983 981 4046 referunt,
1007 3991 1035 4034 ut
1053 3999 1109 4036 eam
1128 4000 1205 4050 quam
1226 3984 1345 4037 Caesaris
1363 3984 1409 4033 lex
1421 3983 1529 4049 ,opinio-

197 4094 256 4128 nem
276 4077 424 4130 ProcnIIani
443 4077 522 4126 secuti
542 4077 601 4126 siut.

275 4168 300 4232 ²)
328 4171 412 4219 Varro
437 4168 505 4233 apud
524 4169 638 4218 Nonium
658 4184 683 4232 p.
698 4168 765 4218 tas:
790 4185 844 4220 cam
934 4167 1059 4220 latebant
1076 4165 1131 4220 Lx
1147 4185 1239 4232 aanor,
1264 4175 1315 4219 aar
1333 4166 1440 4235 dentque
1459 4174 1531 4218 erant

198 4282 215 4313 α
231 4261 342 4330 plublieis
360 4261 468 4328 neqotiis
488 4258 563 4310 lr'beri
579 4268 652 4327 atque
671 4261 754 4312 otiam.
787 4264 887 4312 Auctor
905 4261 1227 4323 adHereun.2,13,20:
1246 4267 1275 4310 ut
1291 4260 1375 4311 maior
1390 4260 1468 4311 asaia
1479 4255 1532 4310 LX
1555 4261 1572 4315 ἶ

199 4363 223 4405 et
241 4355 284 4404 eui
300 4352 400 4404 morbus
418 4369 497 4403 causa
515 4360 558 4414 est,
580 4355 731 4421 coynt'torem
750 4353 798 4404 det.
827 4354 895 4404 Vidc
914 4354 946 4404 de
965 4354 1072 4405 militari
1090 4360 1173 4404 aetate
1185 4352 1330 4404 Bccharum
1348 4352 1449 4404 monn.
1463 4355 1489 4415 2,
1505 4355 1572 4419 1„

199 4449 261 4498 215.
277 4449 344 4508 216,
370 4447 402 4496 de
422 4447 552 4497 senatoria
570 4447 604 4496 ib.
626 4449 651 4508 2,
667 4449 692 4508 2,
707 4448 769 4497 407.
789 4473 822 4484 -
848 4448 880 4497 In
898 4461 926 4496 re
945 4446 1094 4512 municipali
1114 4446 1183 4511 quod
1201 4452 1293 4511 postea
1310 4445 1425 4496 obtinuit
1441 4461 1568 4496 mnne—

198 4556 256 4589 rum
276 4540 389 4589 cirillum
407 4540 596 4588 immunitatem
616 4540 728 4603 incipere
747 4546 806 4603 post
824 4554 919 4588 annum
939 4539 1153 4604 septuagesimum
1172 4537 1248 4604 (Dig.
1263 4539 1308 4599 30,
1322 4539 1348 4599 2,
1364 4539 1391 4600 2,
1406 4539 1432 4588 8.
1452 4539 1492 4588 tit.
1504 4538 1526 4588 6.
1549 4548 1572 4591 ι·

198 4633 216 4681 4
235 4629 284 4695 [3].
322 4632 400 4682 Kuhn
420 4630 496 4681 atridt.
515 4627 583 4694 Verf.
604 4634 628 4691 1,
644 4630 698 4692 70),
718 4638 840 4681 nontam
859 4631 892 4681 ad
911 4646 1003 4696 operas
1022 4647 1100 4683 manu
1118 4630 1251 4682 faciendas
1269 4630 1383 4696 pertinet
1399 4644 1478 4696 quarn
1497 4644 1572 4680 ια-

199 4722 345 4772 curationes
363 4724 516 4788 similiaque.

274 4813 299 4875 ²)
328 4815 370 4864 De
389 4814 467 4865 domo
486 4815 531 4877 45,
548 4817 609 4864 117.
648 4807 689 4865 Cf.
709 4815 765 4865 Liv.
780 4814 824 4877 33,
837 4816 882 4864 42.

275 4904 300 4967 ⁴)
330 4906 409 4957 Orell.
424 4910 494 4958 2213
510 4908 579 4956 =1.
593 4908 627 4957 N.
642 4908 728 4957 3942:
747 4923 812 4974 may.
824 4907 889 4972 juni
900 4904 1012 4957 Iunonis.
1045 4907 1125 4958 Orell.
1140 4906 1446 4971 aots=1.ttasss=
1465 4924 1572 4975 tao-n·-

192 4997 252 5063 sua.
272 4995 352 5048 Diua.
371 4997 448 5064 Tifat.
484 5000 545 5050 Non
564 4999 659 5049 diversi
678 5006 737 5049 sunt
755 5001 849 5064 opinor
860 4999 982 5065 sanorum
1001 5006 1131 5051 curatores
1149 4999 1267 5050 homines
1284 5000 1392 5067 ingenui
1411 5008 1572 5066 quatur-1:

199 5091 267 5139 tituli
281 5092 439 5141 Veronensis
458 5090 576 5151 (Henaen
590 5092 662 5141 5990
682 5111 716 5133 =
736 5092 765 5143 C.
780 5094 802 5143 1.
816 5093 846 5143 L.
860 5094 893 5154 V,
908 5093 993 5155 3924,
1013 5093 1046 5143 cf.
1065 5092 1163 5142 ibidem
1180 5107 1208 5142 n.
1222 5090 1305 5143 3310.
1318 5092 1404 5155 tau)
1422 5092 1572 5145 similas

200 5197 249 5250 que
268 5182 330 5231 alibi
350 5182 464 5245 (Henzen
483 5183 537 5234 ind.
555 5200 580 5250 p.
598 5184 670 5247 161).
