3458 6292
444 496 748 547 oassavarroxas
775 497 1051 547 El'tGitaPfflt'AE
1071 496 1161 545 xtra.
1389 477 1461 545 253

127 673 177 732 sio
198 691 217 729 a
239 672 405 730 victoribus
426 670 611 747 impetravit,
642 682 674 728 ut
694 670 779 728 fratri
806 670 1028 745 parceretur1).
1074 668 1209 746 Sapaeos
1232 671 1322 727 hosce
1344 670 1463 745 regulos

127 774 250 834 omnino
276 772 396 833 differre
423 792 442 830 a
462 773 611 833 Thraciae
639 773 758 849 regibus
792 772 842 847 qui
869 772 1008 831 dicuntur
1040 790 1106 830 curn
1136 772 1205 830 inde
1232 781 1357 849 apparet
1384 775 1464 850 quod

126 876 159 937 in
180 876 261 937 bello
282 877 361 935 inter
376 874 537 935 Caesarem
553 885 583 933 et
597 875 775 951 Pompeiam
798 884 936 934 accurate
958 875 1193 951 distinguuntur,
1216 884 1279 933 tum
1301 895 1339 933 ex
1361 895 1464 934 narra-

126 979 209 1039 tione
228 998 331 1039 retum
345 977 559 1037 Thracicarum
581 986 652 1036 ante
673 978 821 1055 proelium
843 976 1054 1054 Philippense3
1082 996 1151 1037 narn
1173 997 1240 1036 cum
1262 997 1315 1056 per
1336 979 1367 1036 id
1389 988 1463 1038 tem·

126 1099 186 1158 pus
216 1100 272 1140 rex
301 1080 452 1139 Thraciae
477 1080 577 1139 inians
607 1078 711 1156 Cyzici
738 1079 873 1156 degeret,
915 1077 1051 1157 Sapaeos
1077 1080 1198 1157 regulos
1236 1081 1263 1139 ei
1289 1081 1462 1139 interfuisse

126 1183 218 1243 modo
240 1183 379 1243 vidimus.
401 1215 443 1225 -
464 1182 541 1242 Post
561 1182 676 1258 aliquot
697 1199 793 1240 anuos
822 1182 853 1240 in
875 1182 1008 1240 exercitu
1029 1184 1153 1241 Antonii
1175 1192 1280 1241 eontra
1302 1182 1461 1243 Caesarem

125 1304 182 1345 tex
202 1285 326 1362 quidam
341 1284 491 1357 Thraciae
513 1285 579 1355 suit,
602 1303 690 1360 quem
704 1282 888 1342 Plutarchus
911 1284 1006 1342 altero
1024 1284 1132 1359 10002)
1156 1284 1295 1344 Sadalam
1318 1287 1460 1363 appellat,

123 1386 261 1462 alteim)
284 1386 530 1458 Rhoemetalcen,
552 1386 610 1445 hoc
631 1387 745 1445 addens
768 1406 834 1445 eum
858 1387 896 1444 ab
911 1388 1043 1446 Antonio
1065 1387 1103 1444 ad
1119 1385 1280 1446 Caesarem
1304 1388 1460 1448 defecisse.

125 1486 160 1553 si
185 1488 369 1567 intellegitur
395 1508 450 1548 rex
478 1488 611 1547 Thracia
638 1490 813 1561 universae,
847 1498 973 1565 utroque
1005 1488 1073 1547 luco
1106 1489 1136 1545 in
1163 1489 1284 1548 nominc
1316 1493 1462 1550 erraverit

123 1600 231 1652 auctor
257 1609 381 1651 neeesse
410 1601 471 1662 est3
503 1610 574 1651 nam
601 1609 668 1650 eum
695 1591 795 1651 locam
821 1591 910 1650 modo
937 1591 1209 1650 demonstravimus
1236 1599 1298 1651 tum
1325 1594 1460 1652 tenuisse

124 1692 227 1773 Cotyn
249 1692 380 1755 Sadalae
401 1693 507 1764 filium,
529 1692 581 1770 qui
603 1693 723 1752 adultus
745 1692 841 1752 factus
864 1694 982 1753 interim
1004 1694 1163 1770 quominus
1185 1694 1266 1752 bello
1293 1694 1461 1754 interfuerit

124 1798 202 1859 nihil
228 1796 338 1857 obstat.
382 1794 473 1871 Quod
499 1796 526 1855 si
552 1814 656 1855 verum
683 1815 791 1855 nomeu
817 1795 998 1854 Plutarchus
1032 1795 1134 1871 posuit
1163 1805 1290 1872 utroque
1318 1798 1384 1856 loco
1411 1799 1459 1856 vel

123 1908 205 1959 certe
231 1898 326 1957 altero
351 1908 436 1969 utto,
468 1898 565 1978 reguli
587 1898 727 1957 Thracici
754 1898 785 1955 hi
812 1898 924 1957 fuerint
948 1906 1069 1976 oportet
1095 1898 1160 1957 sive
1182 1896 1366 1977 Sapaeurum
1396 1903 1459 1960 sire

116 2002 206 2065 alins
226 2002 360 2062 cuiusvis
381 1999 496 2078 pupuli.

206 2170 241 2241 3.
278 2164 393 2268 Cotys
420 2184 551 2247 Sadalae
577 2194 607 2245 et
634 2185 872 2246 Polemocratiae
900 2185 1038 2262 filius⁴),
1067 2205 1154 2263 quem
1181 2206 1208 2245 a.
1224 2186 1283 2245 712
1312 2187 1457 2248 infantem

119 2292 218 2352 fuisse
239 2289 381 2361 vidimus,
409 2288 516 2349 deinde
542 2306 635 2366 reguo
660 2290 788 2366 potitum
815 2288 989 2366 parentibus
1009 2288 1122 2365 Biayae
1144 2291 1316 2349 memoriam
1340 2290 1457 2350 dedica-

119 2394 220 2463 visse,
250 2393 328 2453 obiit
357 2400 426 2450 aute
458 2410 485 2449 a
507 2391 568 2451 738
602 2398 696 2449 morte
728 2391 904 2461 immatura3
938 2410 1006 2448 nam
1039 2390 1153 2450 liberos
1185 2393 1354 2470 impuberes
1387 2394 1453 2452 reli·

122 2496 190 2575 quit
203 2491 244 2571 ⁵).

204 2662 240 2735 4.
279 2658 529 2759 Rhescuporis
553 2677 659 2755 Cotyis
685 2678 765 2738 tilius
785 2679 910 2737 necdum
933 2679 1027 2754 pubes
1052 2699 1107 2739 rex
1128 2681 1227 2739 factus
1247 2691 1295 2740 est
1314 2703 1340 2741 a.
1359 2683 1454 2760 738⁶)

119 2792 220 2845 tutore
240 2783 336 2862 ipsias
357 2792 387 2842 et
408 2782 588 2858 reliquorum
605 2779 712 2858 Cotyis
734 2781 895 2839 liberorum
923 2781 1085 2840 constituto
1107 2791 1215 2860 patruo
1231 2784 1454 2845 Rhoemetalca.

119 2886 202 2949 Tum
215 2884 344 2947 Romani
366 2905 434 2945 eum
449 2904 467 2944 a
482 2883 586 2943 Bessis
601 2883 813 2955 defenderunt3
834 2883 937 2960 paullo
959 2891 1028 2959 post
1050 2904 1077 2943 a.
1094 2885 1151 2943 743
1176 2886 1270 2963 reguli
1294 2890 1454 2948 eorundem

118 2988 285 3067 Vologaesi
306 2987 427 3048 insidiis
449 2986 622 3046 interfectus
644 2986 731 3063 est⁷)
753 2986 930 3046 adulescens
954 2987 1047 3064 stirpe
1070 2987 1155 3046 nulla
1176 2989 1290 3048 relicta.

196 3209 223 3273 ¹)
248 3212 385 3277 Appianas
405 3211 430 3262 b.
449 3210 589 3272 ο.4,136.
628 3210 681 3260 Dio
701 3212 745 3271 47,
766 3211 810 3261 48.

196 3300 223 3366 ²)
249 3304 347 3355 Antea.
367 3305 412 3354 61.
448 3303 503 3355 Dio
524 3303 567 3364 50,
589 3304 605 3353 6
627 3302 742 3353 Thraces
766 3305 832 3353 inter
857 3317 902 3352 eos
933 3303 1043 3367 populos
1065 3304 1194 3365 nominat,
1222 3305 1264 3370 qai
1290 3306 1323 3355 sb
1342 3308 1454 3358 Antonii

114 3396 235 3463 partibus
253 3403 358 3460 starem,
376 3398 445 3463 regis
462 3410 556 3447 nomen
575 3395 674 3445 nullum
693 3397 775 3460 ponit.

196 3486 222 3551 ⁸)
245 3488 349 3540 Romul.
365 3491 399 3540 17
405 3509 412 3552 ;
432 3487 616 3553 apophthegm.
632 3488 706 3538 Caes.
720 3488 788 3552 Aug.
804 3489 828 3536 2.

195 3578 221 3643 ⁴)
245 3581 361 3632 Tltulum
374 3582 490 3632 Atticum
506 3581 535 3631 C.
550 3581 572 3630 Ι.
587 3581 633 3632 Gr.
651 3597 677 3631 u.
693 3581 758 3631 359:
779 3573 893 3642 βασιλία
906 3566 1003 3629 Kodwv
1022 3575 1151 3641 βασιλίως
1168 3569 1390 3647 Ῥαισκουπὸριδος
1409 3573 1451 3633 de'a

115 3673 179 3725 bule
199 3672 275 3738 Cotyi
298 3674 389 3723 tribuit
406 3672 562 3724 Boeckhius.
600 3672 645 3722 Ad
668 3672 778 3722 eundem
803 3673 897 3723 deinde
922 3672 1084 3722 Caredonius
1109 3671 1153 3733 (cli
1176 3673 1265 3724 alcurre
1290 3683 1381 3726 monete
1406 3693 1450 3725 urr-

116 3762 185 3817 tt'ela
204 3762 276 3832 dealt·
291 3764 376 3815 ultimi
396 3761 424 3815 ri
443 3764 472 3815 di
494 3763 598 3815 Tracta.
630 3765 759 3815 Modenue
781 3766 859 3815 1846.
893 3764 929 3825 8.)
948 3766 1006 3828 p.4
1025 3767 1155 3815 revocarit
1175 3782 1293 3817 nummos
1313 3769 1450 3833 inscriptos

115 3870 258 3917 mittat!
279 3858 389 3925 κΟΤΥῑ)
413 3854 568 3930 (antelmi
590 3869 848 3915 eataxotnoeraoa
878 3866 991 3928 (Eelrlrel
1011 3869 1040 3928 2,
1061 3866 1112 3929 59)
1145 3874 1222 3917 antea
1248 3870 1315 3919 male
1344 3872 1450 3920 omniuo

114 3958 257 4012 cantatos
276 3958 353 4025 Cotyi
371 3959 609 4025 Rhescuporidique
634 3959 666 4008 iis
690 3960 733 4024 qui
757 3960 834 4009 simul
857 3966 996 4024 regnarunt
1018 3959 1064 4009 sub
1084 3960 1212 4024 Augusto.
1251 3961 1317 4011 Mihi
1341 3962 1447 4012 dubium

113 4068 171 4105 non
196 4057 236 4103 est
254 4050 339 4117 Cotyn
362 4050 431 4103 hunc
448 4046 652 4117 Rhescuporidis
676 4051 757 4101 hlium
777 4052 872 4102 vixisse
895 4051 1028 4116 aliquanto
1054 4060 1114 4102 ante
1135 4067 1167 4102 ea
1186 4052 1218 4102 de
1237 4054 1328 4118 quibus
1348 4056 1448 4120 agimus

115 4152 248 4211 tempora

196 4234 229 4299 ι),
244 4234 299 4287 Dio
318 4236 362 4298 54,
383 4238 427 4287 20.

194 4326 220 4393 ¹)
243 4328 380 4390 Diale,
400 4328 433 4378 cl.
447 4327 491 4389 54,
508 4328 552 4379 34.
589 4328 672 4379 Huius
691 4335 729 4378 est
747 4327 837 4378 titulus
856 4343 880 4378 a.
896 4329 965 4379 1838
986 4336 1101 4394 repertus
1120 4329 1231 4379 Athenis
1250 4330 1284 4379 ad
1304 4331 1448 4396 exemplum

112 4422 206 4475 muti
225 4422 263 4473 slc
280 4421 365 4471 editam
383 4420 452 4487 apud
467 4420 595 4471 Adollam
609 4420 713 4473 Schoell
732 4418 859 4471 arehaeol.
873 4418 1068 4488 dlittlteiluaqea
1087 4438 1134 4471 aas
1155 4419 1339 4473 Griecltealuad
1355 4439 1380 4488 p.
1397 4426 1447 4475 128

122 4513 259 4581 aliqunto
286 4513 426 4565 correctius
452 4527 529 4578 qaam
556 4513 649 4577 legitur
675 4514 701 4562 in
722 4512 823 4579 epham.
842 4513 970 4563 arehaeol.
984 4514 1139 4565 Atheniensi
1159 4516 1228 4566 1839
1248 4531 1272 4580 p.
1289 4517 1353 4566 226:

530 4618 652 4661 unitata
674 4618 883 4664 Putantnoetrt
907 4619 1033 4663 tosto}

516 4720 630 4763 ΑΡΕΤΗΣ
652 4721 769 4762 ΕΝΕΚΕΝ
792 4721 850 4763 Tati
872 4721 914 4763 El}
936 4722 1041 4766 ΕΑΤΟΝ
1063 4723 1095 4764 tie

599 4821 798 4866 ΑΝΤΙΓΝΩΤΟξ
820 4823 960 4867 aaronitas

112 4912 255 4967 Artificem
274 4894 460 4963 commemorat
477 4911 578 4963 Plinius
598 4912 642 4973 34,
657 4914 682 4972 8,
704 4912 748 4961 86.

194 5000 219 5067 ¹)
242 5004 297 5056 Dio
317 5004 361 5066 54,
382 5005 425 5055 34.
456 5006 487 5055 L.
505 5004 577 5065 Piso,
599 5005 642 5069 qui
662 5018 693 5053 eo
713 5011 827 5068 tempore
846 5004 955 5054 rebelles
974 5004 1081 5069 subegit,
1103 5006 1192 5055 consul
1210 5012 1249 5054 est
1267 5019 1291 5055 a
1305 5021 1330 5055 u.
1345 5021 1367 5055 c.
1382 5005 1444 5056 739.

111 5097 168 5149 nic
191 5102 230 5147 est
246 5096 323 5158 Piso,
348 5112 423 5162 quem
443 5098 581 5161 Antipater
599 5097 696 5161 pariter
714 5107 790 5162 atque
810 5096 895 5162 Cotyn
915 5096 951 5161 (p.
966 5098 1019 5147 254
1039 5097 1099 5147 adn.
1113 5097 1141 5160 4)
1163 5099 1189 5147 ia
1209 5098 1365 5149 carminibus
1388 5112 1446 5163 pas·

111 5188 168 5241 sira
187 5188 300 5240 celebrat
318 5188 352 5240 ob
370 5203 411 5241 res
429 5189 531 5241 fortiter
548 5196 642 5256 gestas.
830 5196 834 5201 '
