3458 6292
627 524 935 576 ADDITAMENTVM
952 525 1037 576 VOL.
1058 527 1087 576 11

195 697 389 773 distinguitur
409 698 446 755 ab
469 717 547 756 anno
569 699 722 775 petitionis
745 700 852 775 ipsius.
868 732 909 743 -
932 698 1078 758 Convivia
1093 699 1212 775 publica
1228 701 1269 757 ita
1285 699 1438 775 prohibita
1454 716 1533 769 esse,

194 808 228 857 ut
248 800 407 858 candidato
430 820 483 877 per
504 801 534 859 id
556 809 674 878 tempus
698 801 800 860 liceret
821 804 851 860 in
875 802 1011 879 singulos
1034 802 1098 861 dies
1115 802 1250 860 homines
1267 801 1423 861 dumtaxat
1440 820 1532 859 nore·

193 920 249 961 nos
272 903 309 961 ad
331 923 435 961 cenam
450 922 567 977 vocare,
590 903 640 979 qai
663 923 805 964 numerus
827 905 924 964 iustus
945 911 992 963 est
1007 904 1137 964 convivii
1151 903 1308 980 privati1),
1330 903 1430 962 adhuc
1446 904 1532 982 igno·

192 1005 348 1076 rabamus3
376 1013 494 1064 cautum
522 1014 621 1064 autem
648 1007 690 1065 ita
716 1025 784 1065 esse
810 1007 928 1065 ridetur
954 1018 1026 1084 post
1052 1005 1229 1067 Ciceronem
1255 1006 1429 1076 consulem,
1462 1024 1533 1063 nam

192 1125 259 1165 cum
282 1108 308 1166 is
324 1108 480 1167 Murenam
502 1108 644 1180 defendit,
666 1108 787 1185 publiea
806 1108 928 1185 quidem
951 1110 1091 1168 convivia
1111 1110 1264 1187 prohibita
1277 1117 1373 1182 erant,
1396 1109 1453 1168 sed
1467 1108 1534 1167 lici·

194 1219 290 1270 torum
312 1211 503 1270 convivarum
526 1218 623 1270 certus
646 1228 787 1270 numerus
809 1213 939 1271 nondum
962 1210 1153 1288 definitusi).

63 1322 174 1374 Duoviri
276 1314 473 1392 Magistratus
500 1315 532 1373 in
559 1314 677 1373 colonia
702 1314 879 1374 creabantur
905 1314 1020 1373 duoviri
1045 1323 1076 1374 et
1097 1314 1227 1386 aediles3
1254 1323 1433 1391 quaestores
1455 1313 1532 1373 nulli

192 1415 384 1475 inveniuntur
409 1417 524 1492 fuitque
551 1416 671 1476 colonia
692 1419 770 1476 inter
791 1435 842 1477 eas
865 1435 913 1477 res
935 1416 1088 1494 publicas,
1112 1416 1165 1476 ubi
1184 1413 1356 1492 ‘quaestura
1376 1415 1457 1474 inter
1477 1416 1532 1474 ho·

192 1536 281 1577 nores
309 1538 371 1578 non
394 1519 568 1591 habebatur,
597 1520 649 1578 sed
672 1537 779 1579 munus
800 1519 961 1596 personale
983 1514 1107 1595 erat’i).
1130 1553 1168 1563 —
1197 1517 1267 1578 Duo
1288 1518 1345 1576 viri
1373 1516 1464 1592 (nam
1485 1516 1532 1575 sic

191 1622 270 1679 nudo
293 1622 484 1702 nominantur
506 1622 637 1699 semper)
660 1640 808 1699 quaenam
829 1623 897 1681 iura
915 1622 1082 1695 habuerint,
1103 1620 1212 1697 partim
1227 1639 1266 1680 ex
1281 1621 1320 1680 iis
1333 1618 1532 1696 intellegitur,

193 1741 270 1799 quae
293 1723 424 1783 diximus
447 1724 483 1783 de
504 1725 631 1785 decretis
652 1725 861 1797 decurionum3
884 1725 996 1784 uallum
1019 1724 1098 1783 enim
1116 1724 1182 1783 lieri
1196 1721 1365 1800 potuitnisi
1379 1720 1532 1782 referente

101 1906 104 1911 ἱ
193 1825 361 1898 duumviro,
383 1827 496 1904 quique
517 1846 556 1885 ex
578 1827 770 1887 decurionum
792 1825 910 1886 decreto
932 1826 1044 1886 fiebant
1064 1826 1202 1905 magistri
1223 1824 1361 1884 fanorum
1380 1832 1412 1884 et
1426 1824 1531 1902 legati,

192 1927 213 1984 ii
241 1929 360 1988 iubente
387 1930 492 1989 ordine
520 1929 606 1987 electi
634 1937 704 1988 sunt
730 1949 750 1987 a
771 1929 915 1989 duoviris.
959 1931 1013 1990 Ius
1035 1948 1154 2006 quoque
1176 1928 1304 1987 duoviro
1326 1926 1424 1987 luisse
1444 1944 1530 2004 prae·

192 2030 264 2088 fecti
286 2031 472 2107 relinquendi
494 2031 572 2090 infra
593 2030 635 2108 (p.
655 2031 729 2107 146)
750 2032 932 2105 ridebimus,
955 2042 988 2090 ut
1010 2050 1103 2107 supra
1124 2031 1168 2109 (p.
1186 2029 1258 2107 126)
1279 2029 1412 2090 vidimus
1433 2029 1481 2087 ius
1501 2028 1530 2087 ei

193 2132 288 2192 fuisse
310 2134 432 2193 armatis
455 2153 544 2211 quem
567 2135 659 2193 vellet
679 2134 880 2211 praeficiendi.
915 2132 1016 2191 Etiam
1038 2133 1229 2210 vectigalium
1251 2142 1282 2191 et
1302 2131 1381 2192 ultra
1403 2130 1529 2190 tributo·

192 2253 258 2292 rum
275 2235 454 2294 locationem
478 2236 704 2295 conductionem
726 2246 759 2294 ut
771 2236 887 2295 Romae
909 2236 948 2294 ad
970 2253 1135 2307 censorem,
1157 2237 1201 2294 ita
1220 2235 1251 2294 in
1271 2234 1329 2293 hac
1349 2233 1473 2293 colonia
1492 2230 1529 2291 ad

191 2336 335 2396 duoviros
363 2339 542 2415 pertinuisse
568 2338 637 2397 inde
663 2338 828 2416 colligitur,
854 2338 935 2415 qaod
956 2338 987 2396 hi
1009 2338 1045 2397 de
1066 2338 1134 2397 looo
1156 2337 1275 2414 publico
1298 2355 1317 2394 a
1336 2336 1529 2414 redemptore

191 2441 328 2517 mancipe
354 2442 465 2519 praede
493 2442 603 2499 donum
633 2442 768 2516 accipere
789 2448 926 2500 vetantur
947 2440 991 2519 (p.
1011 2439 1093 2516 139).
1137 2440 1300 2499 Praeterea
1321 2438 1346 2497 si
1370 2438 1458 2498 cuias
1479 2436 1527 2495 de·

191 2543 324 2601 curionis
347 2543 550 2603 sacerdotisve
571 2562 680 2602 nomen
702 2543 739 2601 dc
761 2542 871 2602 tabulis
893 2542 1022 2620 publicis
1043 2542 1235 2602 eximendum
1257 2549 1313 2616 est,
1337 2540 1479 2600 eximant
1498 2538 1527 2613 id

192 2644 311 2705 duoviri
327 2645 371 2722 (l,
387 2647 429 2723 5).
445 2679 486 2691 -
507 2647 551 2702 At
571 2646 703 2703 omnium
725 2646 854 2704 maxime
875 2645 1032 2703 duovirum
1054 2652 1189 2722 potestas
1211 2644 1383 2703 continetur
1404 2641 1526 2718 imperio

191 2747 329 2819 militiae,
355 2749 436 2806 domi
463 2758 562 2806 autem
587 2747 713 2818 iudicio,
741 2765 868 2823 quorum
896 2767 934 2806 ne
960 2746 1035 2805 illud
1063 2746 1183 2823 quidem
1205 2745 1340 2806 duoviris
1361 2745 1454 2823 plane
1478 2744 1525 2803 de·

191 2848 284 2908 fuisse
311 2849 360 2908 lex
385 2850 514 2928 primum
539 2851 613 2908 haec
641 2850 758 2925 aperuit
783 2849 825 2926 (r.
848 2869 877 2926 p.
896 2847 979 2925 126).
1023 2847 1083 2910 Sed
1107 2850 1144 2908 de
1166 2867 1202 2909 eo
1224 2867 1290 2909 cum
1313 2864 1410 2927 supra
1429 2856 1524 2906 actum

192 2953 242 3024 sit,
264 2951 411 3010 hocloco
433 2960 547 3010 restant
568 2951 679 3010 iudicia
699 2952 736 3009 de
758 2952 867 3029 quibus
889 2950 1053 3010 videamus.

51 3061 179 3112 Iudicium
275 3053 457 3113 Iudicioram
480 3054 538 3113 duo
559 3071 670 3130 genera
690 3073 730 3113 ex
751 3055 808 3113 hac
828 3054 895 3130 lege
916 3073 935 3112 a
956 3053 1080 3113 duoviro
1102 3061 1280 3113 exercentur
1294 3053 1415 3130 privata
1429 3063 1460 3112 et
1473 3068 1543 3128 pu—

51 3151 179 3260 ῘΞΕἘΞΞ
193 3156 280 3215 blica.
298 3191 336 3200 —
358 3156 484 3215 Privata
505 3174 708 3233 quaecumque
731 3156 922 3217 inveniuntur
944 3162 1080 3233 spectant
1100 3155 1139 3214 ad
1161 3155 1273 3215 multas
1296 3154 1433 3215 coloniae
1447 3172 1557 3213 com—

17 3282 25 3291 ·
51 3284 88 3333 rei
100 3283 184 3350 publi·
194 3259 302 3318 missas
324 3259 546 3336 recuperatorio
568 3258 677 3317 iudicio
700 3259 879 3335 exigendas3
901 3278 971 3317 nam
986 3276 1168 3334 quamquam
1183 3257 1443 3334 recuperatorium
1456 3273 1569 3320 este

94 3372 139 3408 ⁰⁸⁰
191 3360 334 3419 iudicium
362 3380 423 3418 non
449 3361 577 3420 adicitur
601 3361 659 3419 nisi
686 3362 718 3419 in
744 3362 848 3421 tabula
873 3361 962 3420 tertia
985 3361 1060 3419 loeis
1083 3359 1206 3419 omnino
1227 3359 1417 3438 interpolatis
1444 3356 1568 3434 (ride

191 3483 221 3540 p.
240 3462 313 3540 121)
337 3464 370 3536 6,
386 3462 436 3522 27.
452 3462 501 3521 46.
527 3462 554 3533 7,
571 3462 620 3521 29.
637 3464 686 3522 37.
703 3464 753 3522 50.
776 3463 811 3536 8,
830 3463 877 3521 13.
894 3462 950 3534 32,
977 3462 1014 3520 de
1035 3464 1104 3540 ipsa
1124 3481 1157 3521 re
1179 3461 1426 3538 interpolatorem
1447 3470 1567 3524 rectae

191 3566 302 3625 referre
325 3565 454 3625 dubitari
476 3584 535 3624 non
555 3572 665 3642 potest,
688 3584 742 3624 nec
763 3566 858 3642 magis
878 3565 1000 3624 dubium
1021 3572 1066 3623 est
1088 3563 1235 3624 similibus
1256 3563 1380 3623 iudiciis
1402 3571 1565 3625 exactas

191 3687 256 3728 esse
284 3669 416 3728 eiusdem
443 3668 562 3745 generis
591 3667 699 3726 multas
726 3686 803 3744 quae
830 3673 1101 3729 commemorantur
1125 3683 1236 3744 genere
1260 3665 1368 3727 iudicii
1392 3682 1455 3725 non
1474 3662 1564 3727 de

191 3772 276 3830 finito
292 3771 335 3847 (l,
354 3771 401 3828 17.
419 3769 467 3829 25.
491 3772 519 3843 3,
536 3769 586 3829 21.
610 3770 718 3845 5,19).
755 3768 805 3828 Ad
827 3789 878 3829 eas
900 3786 1008 3828 musas
1030 3769 1102 3828 item
1123 3768 1275 3844 pertinent
1295 3786 1376 3847 qaae
1394 3786 1422 3827 c.
1436 3762 1564 3827 XO'V

194 3875 221 3943 1,
236 3872 357 3942 32-9,
375 3871 392 3929 2
415 3872 452 3932 de
472 3872 686 3948 reciperatorio
701 3871 855 3930 iudiciuin
872 3872 1042 3930 universum
1058 3878 1211 3930 careatur.
1247 3869 1329 3931 Nam
1342 3886 1560 3948 quamquam

191 3975 222 4032 in
248 3974 306 4033 tine
328 3975 438 4051 legitur
460 3979 545 4051 quasi
565 3979 592 4033 si
612 3994 701 4051 neque
722 3976 831 4034 iudices
853 3974 955 4033 delecti
980 3973 1030 4050 (in
1051 3973 1155 4033 tabula
1176 3980 1223 4033 est
1243 3971 1351 4049 relicti)
1372 3990 1464 4050 aeque
1495 3989 1559 4029 rr

190 4080 360 4154 ciperatoree
382 4080 413 4136 in
435 4096 495 4137 cam
516 4096 575 4136 rem
595 4079 659 4137 doti
680 4087 784 4148 eareat,
810 4094 887 4153 quae
908 4075 1092 4152 praecedunt
1113 4075 1215 4135 omnia
1235 4074 1274 4135 ad
1296 4075 1381 4135 solos
1402 4090 1558 4151 recape-

191 4289 395 4299 ——-—

268 4446 292 4508 ¹)
318 4449 352 4497 V.
368 4448 463 4511 19sq.:
485 4443 524 4496 Ne
544 4480 568 4495 ..
588 4445 728 4494 conuiuium
746 4441 835 4494 iubeto
913 4450 1019 4510 praeter
1037 4442 1105 4511 quod
1121 4443 1176 4511 ipae
1195 4440 1353 4495 tardamur
1365 4445 1465 4513 petr'tor

190 4541 290 4590 vocarit
313 4537 370 4588 dam
395 4536 478 4599 [taxat
502 4536 540 4600 ia]
561 4535 616 4587 dies
634 4535 748 4603 siuyaloa
765 4534 908 4597 Mantuam)
926 4532 1018 4586 VIIII.
1056 4537 1117 4586 Non
1137 4542 1206 4585 recta
1224 4535 1258 4586 de
1276 4536 1439 4588 horaVllll
1455 4527 1554 4592 cogi·

191 4634 254 4682 tavit
272 4632 409 4696 Bcrlanga.
447 4629 602 4695 Marquardt
619 4626 814 4679 Privataltertl.
830 4632 854 4690 1,
869 4629 937 4679 310:
962 4626 1008 4678 der
1030 4624 1158 4690 Umstand,
1179 4625 1240 4691 dass
1258 4626 1305 4678 der
1323 4612 1554 4695 (θροεῖ-ΠΜ

190 4722 277 4774 elicitae
301 4725 349 4773 wie
374 4721 422 4772 dua
440 4719 588 4786 Esazimmcr
611 4715 748 4772 triclinium
771 4719 859 4786 haifst,
884 4719 947 4785 ldsat
965 4719 1099 4783 erkcuuea,
1124 4718 1185 4785 dass
1202 4717 1269 4771 asela
1286 4718 1338 4770 das
1356 4716 1473 4771 Zt'mer
1498 4721 1553 4760 ω’

153 4811 157 4818 ’
190 4813 337 4882 aprriaqliel
355 4831 404 4866 our
414 4814 464 4880 sair
482 4830 547 4865 nean
568 4812 645 4865 Gristc
664 4812 793 4865 berctae
810 4812 864 4863 aad
881 4812 950 4863 dicae
970 4810 1040 4863 Zau!
1057 4812 1097 4863 ala
1115 4812 1216 4863 amul
1233 4810 1374 4864 tetemet
1390 4807 1499 4863 warde·

267 4922 291 4986 2)
319 4926 388 4976 Nam
413 4935 516 4976 senatus
536 4928 681 4976 consultum
699 4925 727 4974 id
745 4925 778 4973 de
797 4939 848 4989 quo
868 4923 924 4973 dixi
943 4937 1066 4973 enarrans
1085 4922 1178 4973 Cicero
1196 4910 1235 4974 ait
1252 4939 1302 4990 pro
1319 4923 1391 4976 Mur.
1412 4906 1551 4981 at,‘1³²

189 5033 247 5064 nrum
260 5016 371 5078 (aeratus
382 5020 473 5069 crimen
484 5019 568 5086 putat)
588 5017 667 5068 locum
686 5015 722 5067 od
739 5014 900 5083 spectandum
918 5013 982 5065 dare
1001 5022 1046 5065 aut
1063 5013 1100 5064 ad
1111 5014 1254 5082 pendium
1270 5016 1402 5069 imum!
1418 5005 1547 5066 suffla

190 5106 236 5157 sed
252 5098 352 5175 'ralqo’.
391 5107 460 5169 Quid
478 5119 515 5161 ert
533 5110 626 5177 culpo?
644 5110 782 5160 universos.

267 5216 291 5281 3)
319 5220 380 5285 Dig.
394 5220 438 5284 50,
452 5224 478 5284 4,
495 5221 538 5283 18,
553 5225 577 5272 2.
616 5221 771 5288 Marquardt
789 5216 954 5270 Stootrcerw.
971 5222 995 5283 1,
1009 5219 1073 5270 492.
