3458 6292
397 466 741 519 commessationes
760 465 1038 516 amicissimum
1058 467 1161 520 uuus.
1376 448 1445 517 157

104 640 196 701 Osca
215 640 422 701 existimanda
442 641 497 711 sit,
525 660 586 699 non
615 650 713 717 potest
740 657 807 697 esse
835 640 1037 697 nominativus
1065 639 1226 717 singularis
1254 641 1381 698 nominis
1410 641 1448 698 ad

106 738 243 823 Enhnfe
263 744 428 819 pertinens,
449 743 531 819 quod
553 742 700 801 eiusmodi
722 742 898 799 nominativi
921 742 997 818 sing.
1014 760 1106 799 masc.
1122 743 1153 800 in
1176 763 1191 799 c
1212 742 1345 815 vocalem
1369 742 1448 799 desi·

103 856 220 907 nentes
249 866 268 904 a
291 846 395 925 lingua
417 843 501 905 Oaca
526 845 616 922 plana
644 844 745 903 aliena
770 851 849 902 sunt.
893 845 998 920 ltaque
1024 843 1098 902 illud
1120 839 1198 922 fuas
1222 870 1258 893 =
1282 844 1346 903 aaa
1372 844 1448 903 nihil

108 948 198 1009 alind
218 960 268 1007 cst
288 948 348 1007 nisi
370 946 452 1007 Osca
471 947 569 1005 forma
591 946 775 1023 imperativi,
802 963 879 1021 quae
906 946 1069 1023 respondet
1090 945 1217 1003 Latinae
1240 946 1314 1005 stole.
1357 945 1446 1005 Hanc

107 1050 196 1111 anim
216 1056 322 1109 notum
343 1050 441 1109 estin
464 1048 608 1107 clausulis
631 1048 785 1107 titulorum
808 1046 1019 1125 sepulcralium
1035 1046 1214 1106 Latinorum
1237 1032 1332 1124 aeque
1354 1050 1447 1106 usita-

110 1162 177 1213 tarn
199 1170 269 1212 esse
289 1160 381 1229 atque
402 1162 455 1211 aue
474 1161 506 1211 et
526 1152 607 1209 salue
627 1159 658 1209 et
678 1148 862 1209 Graecorum
885 1152 981 1233 χαῖρε.
1016 1150 1098 1225 Ergo
1120 1151 1284 1209 enuntiatio
1306 1150 1444 1209 Lucana:

107 1250 241 1337 Samso
255 1249 336 1334 ,fate
352 1278 391 1305 ==
407 1252 527 1315 Saleius
549 1252 665 1330 (Salei)
687 1253 765 1325 vale,
793 1252 970 1311 acclamatio
992 1252 1124 1311 eiusdem
1147 1254 1266 1329 generis
1288 1260 1336 1311 cst
1354 1262 1389 1310 ut
1411 1253 1446 1310 ti·

10 1398 13 1455 ᾗ
107 1354 166 1415 tuli
195 1354 383 1433 sepulcrales
410 1355 613 1433 antiquissimi
634 1356 750 1428 Latini,
782 1354 858 1413 C.I.
879 1353 949 1412 Lot.
963 1355 991 1427 Ι,
1015 1356 1071 1413 98:
1089 1355 1125 1413 P.
1151 1354 1241 1414 Cordi
1260 1366 1351 1413 muter
1371 1355 1445 1425 cale,

10 1472 15 1523 ¹.
108 1464 154 1531 st,
178 1456 355 1531 tegas:
373 1456 510 1519 Ecclesia
535 1458 630 1519 Cestio
653 1458 672 1516 l.
694 1460 774 1517 salve
795 1458 868 1516 eale.

10 1540 23 1607 l]

193 1560 234 1621 In
253 1558 360 1639 lingna
380 1558 463 1620 Osca
488 1555 853 1638 nominativumAEuaoefc
880 1576 971 1618 sensu
991 1559 1121 1618 vocativi
1150 1559 1260 1617 dictum
1286 1576 1354 1618 esse
1383 1577 1444 1617 non

108 1662 221 1723 sairam
244 1670 302 1735 est,
322 1662 465 1741 quoniam
486 1662 576 1721 etiam
590 1661 692 1721 Latini
714 1662 900 1720 nominativo
918 1660 1068 1720 secundae
1090 1661 1299 1720 declinationis
1322 1679 1377 1737 pro
1393 1680 1445 1717 vo-

108 1764 213 1825 entim
233 1774 370 1835 utuntur,
392 1776 426 1825 ut
444 1764 553 1823 Livius
574 1764 601 1836 Ι,
622 1764 678 1823 2³.-
698 1763 778 1822 Audi
799 1772 832 1821 tu
851 1764 978 1840 populus
992 1762 1135 1835 Albanus,
1156 1763 1331 1840 Propertius
1354 1765 1398 1836 11,
1413 1764 1444 1833 6,

27 1878 31 1889 '
109 1866 171 1927 12:
205 1866 256 1927 Tu
280 1867 413 1927 criminis
435 1876 549 1939 auctor,
570 1866 705 1925 Nutritur
720 1866 806 1937 duro,
828 1865 966 1937 Romule,
988 1865 1066 1923 lacte
1087 1866 1187 1943 lupae,
1210 1865 1349 1937 Ovidius,
1369 1866 1444 1925 Her.

110 1968 162 2059 “a
178 1972 215 2029 7.·
241 1966 341 2048 Surge
361 1986 417 2047 age
438 1968 546 2029 Belide
567 1968 604 2027 dc
626 1976 671 2029 tot
692 1968 781 2027 modo
803 1968 945 2027 fratribus
966 1986 1055 2039 unm,
1078 1976 1107 2025 et
1128 1970 1197 2027 deus
1219 1978 1266 2027 est
1286 1968 1443 2027 vocativus

107 2080 146 2131 nt
167 2070 249 2149 apud
271 2068 409 2131 Graecos
431 2062 505 2133 See'c
526 2078 558 2131 at
577 2063 662 2147 φίλος
682 2070 824 2148 (Kdioer,
847 2070 933 2145 Auos.
950 2068 1049 2129 Gran.
1071 2072 1099 2128 d.
1116 2069 1228 2129 Gnaei.
1242 2070 1311 2146 Spr.
1327 2070 1354 2142 I,
1377 2069 1443 2141 312,

108 2172 200 2233 s...
214 2172 246 2247 a,
266 2174 314 2233 aa.
328 2172 374 2250 a).

193 2274 345 2353 Linguam
365 2273 477 2335 Oscam
499 2294 560 2335 nou
581 2294 684 2336 carere
706 2296 741 2335 ea
763 2277 921 2336 verborum
944 2277 1162 2353 coniugatione,
1185 2294 1274 2352 quam
1296 2292 1443 2351 gramma-

105 2378 162 2437 tici
180 2376 285 2437 Latini
307 2378 468 2439 secundam
494 2388 661 2455 posueruut
685 2378 784 2437 vocali
805 2384 822 2437 ὀ
844 2380 935 2456 longa
957 2379 1080 2455 stirpem
1103 2378 1261 2435 verborum
1287 2376 1443 2435 claudente

105 2478 275 2559 insignem,
302 2482 393 2540 certis
421 2482 606 2557 argumentis
633 2481 836 2539 demonstravi
864 2481 1003 2556 (Artsspr.
1021 2480 1065 2551 ΙΙ,
1086 2480 1148 2538 732
1168 2498 1222 2555 sq,
1244 2480 1287 2537 ed.
1307 2479 1349 2554 2).
1392 2479 1442 2537 nd

104 2580 193 2641 illarn
220 2600 318 2641 meam
346 2584 635 2661 argumentationem
667 2602 746 2641 nunc
772 2583 855 2641 velut
879 2584 1015 2641 cumulus
1050 2582 1163 2640 accedit
1190 2581 1288 2641 Oscus
1314 2580 1441 2658 impera·

104 2682 189 2743 tirus
206 2678 288 2765 fol-s
304 2710 342 2735 =
358 2684 425 2743 cola
445 2704 514 2742 cum
528 2684 639 2743 Latino
656 2685 804 2744 secundae
822 2686 1042 2764 coniugationis
1064 2685 1129 2742 vale
1150 2683 1239 2761 plane
1262 2700 1440 2760 congruens.

190 2784 303 2863 ltaque
328 2786 448 2846 titulum
477 2787 677 2863 sepulcralem
700 2787 885 2845 Dianensem
911 2788 1145 2845 demonstratum
1168 2787 1285 2845 videtur
1307 2786 1383 2844 liuuc
1408 2784 1438 2842 in

100 2888 234 2949 mam
252 2888 451 2967 supplendum
474 2899 504 2948 et
523 2888 643 2949 Latinis
665 2890 765 2949 verbis
787 2890 985 2948 enarrandum
1008 2907 1091 2947 esse:

605 3081 642 3135 A.
664 3082 789 3137 Λαπονις
809 3072 939 3155 lloufmc

497 3182 585 3240 Οπεες
604 3200 659 3236 srva
682 3177 777 3254 ass-(o)
799 3200 846 3234 suo
870 3172 991 3256 (dedet).
1015 3211 1053 3221 —

662 3277 785 3360 En).ch
801 3276 888 3359 fale.

507 3449 606 3507 Aulus
626 3447 813 3524 Lamponius
833 3448 931 3525 Paqui
953 3449 1034 3508 filius

450 3550 569 3630 Oppius
591 3551 674 3629 pium
697 3568 814 3611 sacrum
837 3552 893 3611 hoc
916 3551 1035 3627 (dedit).
1059 3583 1097 3593 —

475 3676 485 3693 ·
595 3651 716 3715 Salvius
740 3651 853 3732 (Salvi)
876 3655 953 3713 vale.

180 3840 294 3921 Supra
312 3841 436 3919 planum
456 3840 525 3911 leci,
547 3841 624 3900 hanc
645 3841 871 3918 inscriptionem
893 3841 1062 3899 consentire
1083 3860 1150 3898 cum
1172 3841 1259 3899 titulo
1281 3840 1437 3898 Mamerti·

71 3964 212 4011 norum
233 3942 418 4004 Messiuensi
437 3942 564 4004 Graecis
584 3944 692 4003 litteris
715 3951 859 4021 concepto
883 3953 912 4002 et
935 3961 991 4001 usu
1013 3943 1182 4001 litterarum
1205 3968 1221 4013 η
1243 3950 1273 4000 et
1295 3966 1315 3999 ω
1338 3943 1437 4001 minus

15 4116 21 4129 ,
70 4054 242 4113 conecto
273 4054 304 4107 et
332 4046 456 4123 syllabis
488 4046 628 4105 linalibus
660 4047 911 4105 nominativorum
945 4047 1020 4123 sing.
1038 4068 1095 4103 -ιες
1116 4058 1213 4111 εῑ-ις,
1235 4044 1436 4120 genitivorum

13 4220 23 4233 .
69 4154 172 4233 sing.
215 4168 295 4219 -ηις,
329 4150 568 4209 accusativorum
605 4148 681 4227 sing.
705 4171 736 4205 -c
759 4148 831 4224 (·u)
866 4167 920 4224 pro
954 4168 1024 4205 -orn
1083 4145 1179 4220 Quem
1215 4147 1332 4203 titulum
1369 4164 1437 4203 cum

10 4266 21 4279 ²
69 4256 276 4321 Mommsen
296 4267 357 4309 non
378 4250 472 4309 multo
492 4260 563 4327 post
577 4252 756 4327 Agathoclis
778 4260 902 4309 mortem
926 4262 1058 4328 tempore
1073 4249 1182 4325 Pyrrhi
1197 4250 1277 4325 regis
1292 4248 1436 4325 scriptum

71 4376 162 4421 me
180 4352 346 4415 existimat
364 4352 449 4423 (Uos.
460 4352 544 4411 Ds'oI.
560 4372 593 4430 p.
606 4352 671 4425 196,
690 4354 720 4414 C.
735 4353 770 4410 Z.
782 4356 810 4429 J.
826 4354 915 4427 vergi.
932 4352 1001 4429 Spr.
1014 4352 1138 4421 Xl'IlI,
1156 4372 1189 4427 p.
1204 4352 1264 4407 257
1278 4351 1346 4426 sep),
1368 4370 1435 4407 meo

23 4494 27 4499 ·
73 4464 159 4525 im
186 4464 326 4517 sumere
345 4454 420 4513 mihi
433 4456 548 4528 videor,
570 4456 674 4513 eadem
695 4466 792 4514 aetate
814 4455 904 4513 etiarn
926 4455 1043 4513 titulum
1064 4453 1264 4529 sepulcralem
1278 4452 1434 4510 Lucanum

10 4622 47 4960 l

66 4562 126 4625 'sla
148 4576 225 4641 quo
246 4556 296 4639 egi
316 4556 350 4617 in
370 4556 501 4635 lapidem
523 4557 649 4617 incisum
672 4574 749 4615 csse.
