3458 6292
394 486 738 539 comunuunuronss
759 488 1035 540 nercunnurcnu
1055 489 1156 539 unus.
1374 467 1443 537 191

109 660 167 722 86.
213 662 364 721 Denarius
394 661 550 720 sociorum·
574 660 604 718 in
627 660 708 722 bello
729 665 869 735 Marsico,
897 683 991 741 nuper
1012 662 1181 742 publicatus
1208 680 1247 719 ex
1268 661 1445 720 collectione

109 783 301 825 nummorum
330 764 415 823 ducis
443 764 480 822 de
506 762 616 825 Blecas
643 766 686 842 (rc
708 769 775 838 221,
796 767 855 845 rc),
882 767 967 826 cuius
989 767 1018 824 in
1042 765 1135 824 altera
1156 771 1242 842 parte
1263 763 1446 841 conspicitur

108 874 202 944 ceput
222 866 310 926 virile
326 866 436 926 hedera
450 877 636 941 coronatum,
658 869 689 930 iu
711 868 932 930 alterutnum
953 870 1049 928 victor
1070 868 1171 945 lupam
1195 867 1336 925 afflictam
1351 884 1446 925 cornu

108 968 249 1030 mulcens
271 987 339 1029 com
360 968 576 1047 inscriptione!

450 1157 591 1234 vitellii
1000 1183 1097 1243 Italia.

107 1380 140 1434 et
160 1372 263 1433 littero
283 1393 303 1431 u
315 1370 398 1433 Osco
418 1392 512 1450 supra
533 1372 642 1448 posito,
665 1373 794 1435 Histoire
817 1379 851 1435 do
873 1376 904 1433 la
918 1379 1049 1434 uronuaic
1060 1374 1199 1433 Romaim
1213 1375 1248 1431 de
1263 1371 1313 1429 Tu.
1326 1370 1446 1431 Momm·

109 1495 170 1549 een,
193 1477 270 1534 trad.
294 1478 328 1535 ds
349 1474 455 1535 Allem.
477 1496 535 1552 par
557 1478 585 1537 le
604 1480 659 1537 duc
679 1482 714 1538 de
735 1480 858 1551 Blooas,
876 1479 958 1555 publ.
979 1498 1011 1554 p.
1035 1478 1060 1535 I.
1084 1477 1119 1535 de
1146 1476 1241 1544 Wiue,
1263 1473 1308 1545 II,
1325 1493 1357 1549 p.
1375 1471 1443 1542 531,

109 1577 191 1638 unde
213 1578 351 1649 Febrem,
374 1574 466 1636 Prim.
489 1580 584 1657 suppl.
608 1592 666 1640 aut.
690 1586 757 1641 iscr.
779 1582 818 1641 It.
840 1581 951 1640 u506.
994 1579 1193 1639 Nummorum
1215 1576 1305 1635 huius
1326 1575 1444 1653 generis

108 1696 229 1759 praeter
261 1699 297 1739 eo
319 1680 512 1759 exemplaria,
545 1700 623 1760 quae
650 1683 672 1742 l.
697 1683 913 1743 Friedleender
934 1681 1096 1759 descripsit
1121 1688 1152 1739 et
1172 1677 1351 1748 illustravit,
1374 1677 1445 1737 ost.

109 1782 208 1843 Μῶα.
225 1802 259 1862 p.
283 1784 414 1843 73-85.
443 1794 463 1842 t.
490 1784 549 1843 IX.
577 1786 618 1845 X.
646 1789 682 1862 cs.
706 1787 811 1845 Moms.
839 1786 904 1845 Urit.
933 1784 1017 1844 Dial.
1041 1804 1072 1860 p.
1095 1783 1160 1842 201.
1185 1781 1254 1840 260.
1299 1780 1386 1838 Folr.
1413 1780 1444 1840 G.

107 1884 136 1944 1.
159 1886 197 1945 It.
221 1885 313 1945 2849.
337 1885 427 1959 2851,
450 1887 541 1946 etiam
562 1888 747 1965 exemplaria
769 1888 957 1948 collectionis
980 1886 1146 1956 Foxisnse,
1169 1901 1246 1961 quse
1268 1901 1362 1960 nuper
1384 1881 1446 1940 vidi

107 1986 139 2048 iu
167 2004 274 2047 museo
300 1987 503 2061 Berolinensi,
538 1992 640 2049 omnis
672 2009 781 2050 nomen
813 1990 887 2049 deuo
920 2000 949 2048 et
976 1990 1056 2048 urbis
1084 1988 1192 2046 Italiae
1218 2003 1278 2044 nna
1302 1984 1313 2042 l
1344 1982 1446 2043 litters

108 2090 255 2169 scriptum
286 2090 412 2149 habeut:
458 2092 570 2151 Vitcliri.
614 2093 721 2170 Itaque
754 2093 878 2168 scriptio
918 2092 1034 2151 Vitellii
1069 2091 1101 2148 in
1133 2106 1255 2147 nummo
1293 2086 1375 2145 ducis
1408 2087 1445 2145 do

110 2191 231 2265 Blooss,
252 2192 401 2270 duplicem
423 2194 434 2252 l
456 2184 574 2254 videtur
595 2196 727 2255 traxisse
749 2214 768 2253 s
788 2194 900 2254 Latino
922 2194 1043 2254 nomine
1072 2191 1193 2253 Vitellio.
1243 2186 1381 2249 Ceterum
1405 2206 1444 2246 ex

109 2303 185 2372 typo
212 2295 289 2354 tauri
311 2292 466 2356 Samnitici
500 2297 624 2356 victoris
657 2297 758 2375 lupam
790 2297 959 2357 Romanam
981 2295 1123 2355 afflictum
1158 2311 1251 2351 cornu
1283 2290 1468 2349 mulcantis'

110 2396 247 2457 conicere
278 2398 360 2471 licet,
391 2398 470 2458 hune
498 2419 650 2458 nummum
683 2419 702 2458 s
737 2396 922 2460 Samnitibus
951 2415 1057 2458 cusum
1087 2413 1155 2454 esse
1188 2414 1249 2452 non
1282 2412 1301 2451 s
1332 2393 1442 2452 Marsis

110 2495 348 2561 conueniens
370 2500 495 2578 (neni.
519 2502 538 2562 ι.
561 2522 587 2563 0.
604 2522 638 2579 p.
663 2501 713 2562 69.
738 2505 782 2561 71.
809 2502 855 2563 76.
880 2498 955 2578 su).

677 3193 878 3256 LVCANlA.

110 3384 170 3446 87.
212 3384 306 3464 Lapis
334 3402 517 3444 marmoreus
544 3385 626 3443 rudis
652 3383 837 3460 marginibus
870 3383 1020 3458 utrimque
1046 3381 1162 3440 detritis
1194 3389 1284 3456 atque
1307 3379 1443 3438 infractis

153 3496 284 3549 ceterum
323 3487 453 3565 integer,
484 3487 623 3546 inventus
658 3487 690 3544 in
725 3484 818 3545 fundo
857 3483 960 3562 oppidi
994 3484 1094 3542 Dione
1133 3500 1228 3559 prope
1264 3481 1376 3540 fontem
1408 3480 1440 3540 S.

158 3589 320 3652 Giovonui:

584 3764 773 3819 ΑΛΑΓΙΟΝΙΣ
789 3803 796 3819 .
815 3763 972 3818 nuntius

606 3922 721 3976 ΟΠΙΕΣ
732 3960 739 3976 .
755 3921 819 3975 nm
833 3922 840 3974 Ξ
855 3921 911 3975 Ait
924 3959 931 3974 .
946 3919 1018 3973 ΕΚΟ

604 4078 741 4133 ΣΑΛΑΕΣ
758 4119 766 4134 .
783 4077 876 4131 [Aue

192 4292 263 4353 Duo
283 4289 458 4370 apographo
473 4289 563 4348 huius
578 4285 783 4362 inscriptionis
795 4284 924 4345 coniecit
934 4283 1078 4343 Mendelli
1093 4284 1123 4342 in
1135 4283 1212 4345 libro
1229 4282 1441 4359 manuscripto

111 4397 149 4457 de
170 4395 317 4467 Lucania,
351 4392 412 4452 Vol.
434 4391 461 4463 I,
477 4411 510 4468 p.
539 4391 627 4450 9401
653 4389 717 4449 Vol.
744 4388 789 4447 ll.
816 4392 847 4447 iu
861 4388 929 4463 fine,
952 4386 1078 4445 alterum
1100 4385 1216 4445 mendis
1238 4403 1298 4442 non
1320 4401 1441 4456 vocans,

110 4499 235 4559 alterum
258 4496 359 4574 lapide
381 4496 479 4553 denuo
502 4476 671 4552 maminoto
686 4498 850 4550 correctum
866 4498 955 4567 utque
970 4489 1169 4562 emendatum,
1189 4487 1270 4565 quod
1292 4487 1330 4544 ad
1351 4487 1441 4544 finem

109 4600 179 4660 libri
201 4599 248 4659 sui
269 4598 386 4658 adiecit
430 4598 647 4674 Interpretatus
670 4612 735 4653 sum
756 4593 873 4652 titulum
896 4610 914 4650 o
935 4591 993 4650 Th.
1015 4592 1181 4650 Mommsen
1203 4592 1235 4650 in
1255 4591 1351 4648 lucem
1373 4607 1442 4664 pro-

110 4710 250 4776 motum,
271 4710 302 4761 et
322 4699 527 4759 demonstravi
548 4698 591 4755 ita
611 4695 809 4772 supplendum
830 4705 920 4771 utque
941 4693 1140 4753 enarrandum
1163 4710 1244 4751 esse:

468 4883 505 4943 A.
531 4880 670 4942 Δαπονις
696 4876 841 4967 llosfntc

472 5022 573 5083 Οπιες
599 5035 662 5078 uror
689 5007 791 5105 αις(ο)
818 5032 872 5076 εκο
901 4997 1030 5103 (dedet).

522 5157 658 5247 :atesi
679 5157 774 5247 fodr.
