3458 6292
203 528 275 595 272
758 544 960 595 summanus

270 650 299 654 —-
307 648 428 656 ..ῳ-..-
441 646 776 654 .ω--ι--ρ-ᾙ..
856 646 948 653 -——

203 722 348 777 mercatui
382 718 531 777 destinata
563 726 628 776 erat
661 727 750 794 atque
783 720 899 795 lapides
933 726 1002 776 ante
1030 737 1095 776 earn
1123 717 1250 793 dispersi
1283 717 1538 790 fundamentaque

203 840 298 896 parva
319 839 446 897 quorum
469 822 597 898 vestigia
624 821 673 880 hic
699 822 762 880 illie
785 822 926 897 distingui
950 831 1078 896 possunt
1099 829 1183 878 erant
1204 821 1394 878 tabernarum
1417 820 1447 875 in
1472 817 1539 893 qui-

203 925 258 982 bus
280 925 465 1000 negotiantes
494 941 606 981 merces
635 924 755 981 venales
783 924 966 1000 emptoribus
988 923 1195 1000 proponebant
1216 923 1371 998 pretiaque
1393 920 1539 977 frumenti

204 1035 233 1083 et
255 1027 428 1085 animalium
452 1034 618 1103 emptorum
640 1025 829 1084 venditorum
853 1025 1057 1084 solvebantur:
1081 1033 1113 1083 ut
1135 1024 1257 1083 decurio
1279 1023 1398 1100 quidam
1414 1024 1539 1080 Mursae

203 1129 236 1185 ob
260 1129 390 1188 honorem
404 1131 576 1206 fluminales
598 1129 732 1187 tabernas
755 1132 964 1204 quinquaqinta
981 1147 1047 1185 'cum
1064 1126 1224 1204 porticibus
1246 1127 1407 1201 duplicibus
1427 1129 1458 1182 in
1473 1127 1538 1200 qai-

205 1231 258 1289 brea
279 1243 419 1290 mercatam
441 1230 612 1307 aperetar1)
635 1230 812 1289 aedificavit.

285 1334 363 1392 Post
389 1342 531 1409 quattuor
556 1334 647 1390 horas
675 1341 705 1391 et
734 1333 919 1409 praescripta
946 1350 1084 1410 magnam
1117 1340 1231 1407 partem
1258 1348 1457 1404 versuumque
1488 1346 1536 1386 se·

202 1437 355 1509 quentium
377 1435 540 1513 particulas
563 1434 676 1509 aliquot
697 1434 827 1511 legeram
850 1441 880 1492 et
901 1453 968 1492 eum
984 1432 1169 1493 Gueriniano
1190 1433 1328 1508 exemplo
1348 1432 1534 1490 contuleram

202 1555 307 1596 versus
329 1548 508 1615 postremos,
530 1537 581 1612 qui
604 1555 671 1595 cum
694 1547 773 1594 terra
795 1537 865 1595 tecti
887 1536 947 1596 sint
968 1549 1028 1594 tam
1049 1537 1125 1594 bene
1147 1536 1315 1596 conservati
1334 1544 1405 1592 sunt
1425 1541 1458 1591 ut
1481 1551 1535 1591 eos

202 1638 266 1695 heri
287 1638 399 1696 ineisos
422 1657 491 1697 esse
511 1638 638 1697 dixeris:
662 1648 723 1697 turn
740 1639 880 1697 continuo
903 1638 1005 1697 labore
1027 1638 1162 1716 solisque
1183 1637 1339 1696 meridiani
1361 1635 1453 1695 radiis
1475 1635 1535 1693 ses·

203 1757 255 1798 sus
284 1740 387 1798 destiti
414 1747 444 1798 et
474 1749 580 1816 ectypo
609 1740 688 1798 facto
716 1739 818 1798 ruinas
845 1740 1087 1799 circumiacentes
1115 1759 1287 1818 percurrere
1309 1738 1403 1816 coepi.
1454 1737 1535 1795 Ecce

204 1842 280 1900 alius
296 1843 370 1900 mihi
386 1843 509 1901 offertur
532 1843 610 1919 lapis
632 1843 658 1900 ei
673 1860 762 1918 quem
784 1842 873 1901 modo
896 1842 1076 1918 reliqueram
1099 1842 1270 1901 simillimus
1291 1842 1344 1900 sed
1360 1841 1458 1898 minus
1473 1840 1535 1898 alte

201 1963 240 2001 ex
269 1952 349 2003 terra
374 1945 561 2020 prominens:
596 1954 659 2003 erat
686 1945 767 2002 aliud
794 1946 928 2003 eiusdem
959 1945 1036 2004 tituli
1062 1945 1242 2021 exemplum.
1285 1943 1398 2002 Versus
1424 1961 1534 2001 norem

202 2047 319 2121 priores
341 2047 371 2104 in
395 2065 431 2104 eo
453 2047 543 2104 etiam
565 2048 662 2123 magis
684 2054 878 2119 evanuerunt,
900 2065 965 2104 cum
982 2047 1023 2105 ibi
1042 2047 1152 2123 lapidis
1175 2046 1347 2124 superficies
1370 2046 1535 2103 maximam

200 2157 316 2225 partem
334 2148 455 2207 omnino
467 2167 560 2207 exesa
570 2151 619 2220 sit,
637 2149 689 2207 sed
704 2150 736 2207 in
751 2149 868 2224 reliqua
885 2149 1079 2224 inscriptione
1097 2157 1160 2207 tota
1175 2169 1212 2207 ne
1227 2168 1285 2207 una
1296 2147 1413 2223 quidem
1429 2147 1532 2205 littera

200 2250 350 2309 invenitur
365 2249 402 2308 de
417 2252 502 2310 euius
518 2252 646 2310 lectione
661 2250 791 2309 dubitari
806 2251 912 2328 possit.
948 2251 983 2310 In
997 2250 1092 2308 altero
1107 2252 1164 2309 hoc
1179 2251 1278 2327 lapide
1294 2249 1464 2309 effodiendo
1480 2250 1533 2307 ab·

198 2352 307 2412 luendo
330 2352 487 2430 purgando
509 2353 704 2412 describendo
727 2353 855 2429 denique
876 2353 966 2411 huius
988 2371 1107 2430 quoque
1127 2363 1234 2429 ectypo
1250 2352 1386 2411 iaciendo
1404 2351 1464 2408 diei
1479 2351 1534 2407 ho·

200 2473 251 2512 rae
273 2473 351 2530 quae
374 2463 551 2531 supererant
572 2464 767 2531 consumptae
789 2465 867 2526 sunt,
890 2474 986 2531 neque
1007 2456 1104 2514 denuo
1127 2454 1165 2513 ad
1186 2455 1357 2530 exemplum
1374 2452 1535 2513 Guerinia·

199 2576 269 2614 num
290 2559 400 2616 reverti
423 2565 578 2634 potueram
599 2559 707 2628 locum,
730 2557 780 2615 ubi
795 2567 910 2616 noctem
927 2576 1056 2636 agerem,
1079 2577 1221 2633 quaerere
1236 2566 1364 2616 coactus.
1400 2556 1535 2633 Repperi

199 2658 319 2716 eumin
341 2661 470 2718 tentorio
493 2659 688 2737 spurcissimo
710 2658 856 2717 collocato
877 2661 934 2718 sub
956 2661 1034 2736 pinis
1057 2660 1219 2719 humilibus
1242 2660 1338 2718 saltus
1354 2659 1533 2735 Beguensis,

199 2761 249 2835 qui
273 2761 360 2819 hodio
375 2759 512 2838 Changet
527 2761 644 2820 Msahel
666 2760 782 2831 dicitur,
803 2761 881 2837 apud
903 2762 986 2836 ipsos
1009 2761 1116 2838 opinor
1130 2762 1376 2821 Musulamiorum
1398 2770 1532 2819 veterum

198 2871 345 2938 posteros.
390 2862 469 2921 Nam
503 2863 574 2921 mihi
605 2862 724 2937 quidem
758 2874 877 2920 constat
903 2873 1021 2938 gentem
1048 2864 1136 2921 hodie
1162 2862 1239 2922 Uled
1263 2862 1376 2922 Omran
1410 2862 1532 2933 dietam,

201 2983 278 3039 quae
305 2965 458 3041 planitiem
486 2965 567 3023 illam
595 2965 750 3040 saltusque
777 2964 893 3034 incolit,
922 2984 987 3022 eum
1014 2966 1090 3024 facie
1119 2975 1239 3042 totoque
1267 2965 1401 3041 corporis
1424 2964 1532 3022 habitu

200 3084 380 3142 magnopere
396 3065 515 3125 differat
529 3068 565 3125 ab
581 3067 718 3142 gentibus
733 3067 840 3124 circum
856 3067 1070 3138 habitantibus,
1085 3067 1315 3143 haudquaquam
1327 3069 1446 3125 Arabes
1462 3084 1533 3124 esse

199 3186 319 3244 genere:
353 3168 586 3244 inimicitiasque
608 3168 678 3226 illae
706 3176 735 3226 et
763 3168 921 3226 latrocinia
949 3169 1058 3245 quibus
1085 3178 1154 3245 post
1179 3169 1332 3227 hominum
1355 3169 1532 3227 memoriam

199 3268 286 3345 longe
307 3270 427 3346 lateque
448 3272 587 3346 regiones
609 3270 750 3328 finitimas
772 3269 915 3328 infestant
936 3271 1036 3329 nescio
1062 3289 1100 3327 an
1123 3289 1161 3329 ex
1182 3271 1287 3348 primis
1310 3271 1428 3348 imperii
1451 3273 1530 3327 Ara-

199 3370 258 3428 bici
280 3372 463 3449 temporibus
488 3372 626 3450 ipsisque
653 3381 785 3429 veterum
811 3371 974 3430 incolarum
997 3382 1101 3430 contra
1129 3390 1224 3432 novos
1247 3372 1384 3431 dominos
1407 3372 1531 3429 dimica·

198 3472 330 3533 tionibus
353 3475 499 3550 originem
521 3476 638 3534 ducant.
693 3472 838 3532 Fortasse
865 3474 955 3551 igitur
976 3483 1092 3533 montes
1114 3492 1172 3532 non
1195 3475 1316 3533 nomina
1339 3481 1455 3532 tanturn
1478 3495 1530 3533 an·

197 3573 333 3651 tiquat),
355 3576 406 3635 sed
429 3577 518 3636 etiam
541 3576 678 3636 homines
700 3585 865 3634 servarunt.

281 3678 315 3737 In
343 3679 471 3754 patriam
503 3696 640 3739 reversus
669 3697 746 3755 quae
773 3680 803 3737 in
831 3698 863 3736 re
889 3678 1039 3755 praesenti
1068 3677 1286 3755 descripseram
1315 3696 1433 3736 summa
1458 3698 1531 3737 cura

198 3780 310 3839 contuli
337 3799 402 3839 cum
429 3783 545 3859 ectypis
573 3783 648 3840 meis
675 3781 772 3857 plenis
799 3781 1001 3856 coniectisque
1028 3790 1117 3855 atque
1144 3798 1182 3838 ex
1209 3780 1248 3838 iis
1270 3780 1423 3857 supplevi,
1452 3800 1530 3856 quae

199 3883 231 3940 in
253 3882 359 3939 Africa
385 3884 528 3958 temporis
556 3883 703 3962 angustiis
732 3900 857 3961 pressus
883 3882 982 3958 legere
1007 3901 1068 3941 non
1089 3891 1262 3959 potueram:
1292 3901 1368 3958 quae
1394 3884 1437 3941 ita
1465 3885 1531 3941 erui

196 3982 275 4042 iufra
295 4001 324 4060 p.
341 3984 370 4041 4.
386 3985 405 4042 5
426 3984 578 4061 proposui.

274 4274 297 4337 ¹)
327 4275 405 4338 corp.
426 4275 451 4324 a.
472 4275 552 4324 sess.

272 4381 297 4446 ²)
325 4385 441 4435 Nomina
464 4385 571 4449 antiqua
589 4383 731 4448 Beguensis
759 4383 786 4444 (a
804 4384 905 4448 Begua,
933 4392 962 4433 ut
980 4384 1091 4444 ridetur)
1115 4391 1141 4434 et
1163 4385 1313 4435 Musulamii
1337 4387 1363 4435 iu
1387 4385 1474 4450 Begar
1501 4395 1527 4435 et

195 4475 297 4526 Msahel
323 4491 446 4526 conversa
469 4484 536 4526 sunt.
575 4475 651 4525 Haud
670 4491 751 4540 pauca
770 4475 895 4525 eiusmodi
921 4477 1117 4525 conversionum
1138 4478 1257 4541 exempla
1276 4477 1367 4527 efferre
1387 4495 1445 4527 cum
1466 4494 1526 4542 pos·

195 4569 253 4630 sim,
272 4583 352 4618 unum
371 4567 490 4618 sufficiat.
529 4567 613 4617 Notus
633 4569 704 4633 regni
723 4567 851 4618 Tunetaui
871 4582 945 4617 mons
965 4568 1084 4631 risusque
1103 4569 1129 4616 in
1150 4582 1181 4617 eo
1200 4571 1262 4618 situs
1282 4564 1361 4619 hodie
1380 4572 1527 4634 appellatur

195 4661 310 4710 Kissera.
356 4661 422 4710 Eum
449 4661 485 4708 ita
511 4659 668 4723 appellatum
696 4674 752 4709 esse
779 4665 917 4708 narrarunt
941 4658 1004 4707 mihi
1032 4659 1147 4720 Arabes,
1183 4660 1244 4723 quia
1269 4660 1304 4709 ibi
1332 4662 1527 4711 Muhammetus

195 4754 271 4812 olim,
299 4768 355 4802 cum
374 4752 501 4801 exercitus
521 4751 742 4802 Musulmanorum
767 4752 861 4800 bellum
884 4765 976 4815 gerens
1000 4758 1091 4801 eontra
1114 4751 1231 4800 infideles
1256 4767 1351 4817 magna
1375 4755 1443 4804 fame
1469 4771 1527 4818 pre-

197 4851 320 4904 meretur,
341 4843 431 4907 siginti
455 4843 537 4892 millis
560 4843 695 4894 homiuum
715 4844 821 4907 parvulo
840 4843 922 4891 frusto
941 4843 1016 4907 panis
1039 4843 1195 4892 satiarisset:
1214 4839 1322 4893 Kieaero
1342 4847 1410 4894 euim
1436 4848 1527 4910 lingua

195 4935 299 4986 arabica
319 4941 358 4985 est
376 4933 488 4998 facetum
507 4935 615 5001 (paris).
661 4937 698 4984 At
721 4950 769 4999 ego
794 4934 820 4984 in
843 4935 900 4999 ipso
919 4935 964 4985 illo
984 4936 1057 4995 rico,
1086 4933 1129 4999 qui
1149 4934 1241 4984 eodem
1260 4936 1318 4985 loeo
1338 4938 1401 4988 situs
1421 4947 1459 4988 est
1479 4939 1525 4988 ubi

195 5025 259 5077 olim
277 5027 424 5078 Romanum
443 5026 566 5091 oppidum
585 5026 642 5087 fuit,
662 5025 853 5091 inscriptionem
871 5028 981 5092 repperi,
1002 5027 1029 5077 in
1043 5025 1133 5092 quaid
1148 5022 1257 5076 Chasira
1276 5036 1394 5080 vocatur:
1416 5039 1526 5095 apparet

195 5132 289 5168 nomen
308 5117 462 5168 hodiernum
482 5118 616 5184 antiquum
635 5131 691 5169 essa
710 5125 866 5182 cormpnmr.
