3458 6292
297 496 369 564 rui
598 515 907 566 (rusruvfflosrs
934 516 1209 565 crruusrurcsr
1229 515 1321 563 xm.

416 617 430 622 ,,
452 616 872 625 m*„,——‚
903 620 924 624 -,
998 621 1009 624 ,
1349 616 1627 622 -----

697 759 834 801 osium}
856 758 955 801 rom
978 759 1100 800 ΒΑΗΛΕΑ
1121 759 1238 799 ἱΑΔΑΛΑ

696 864 744 903 ΚΑΙ
766 863 937 904 ssimum
957 860 1242 920 noauomreuuu

787 965 867 1008 ΤΟΥξ
888 962 1007 1006 ustrou
1027 963 1137 1007 rorem

825 1065 917 1109 6ΕοΙὶ
938 1064 1098 1110 narratori

295 1215 385 1276 Unde
407 1236 475 1275 cum
498 1217 645 1276 ellicistur
665 1219 787 1294 reginae
808 1217 1048 1277 Polemocratiae
1068 1219 1211 1276 maritum
1234 1236 1344 1276 nomeu
1370 1217 1514 1276 hahuisse
1536 1214 1632 1277 Soda-

294 1320 366 1391 lom‚
388 1339 443 1378 nec
465 1329 544 1378 recte
559 1321 683 1396 cogitari
705 1321 803 1398 possit
824 1321 861 1378 de
876 1321 994 1378 duabus
1015 1321 1128 1398 reginis
1144 1320 1279 1379 eiusdem
1299 1320 1430 1378 nominis
1452 1320 1632 1396 praesertim

294 1423 324 1479 iu
347 1433 430 1480 tauta
443 1423 581 1481 vocabuli
603 1424 736 1492 raritate,
758 1436 885 1501 apparet
900 1422 1043 1484 Sadalam
1058 1421 1299 1480 Polemocratiae
1320 1423 1460 1480 maritum
1480 1440 1542 1479 nou
1565 1423 1632 1479 sine

294 1524 399 1583 liberis
422 1525 589 1583 decessisse
612 1544 665 1583 nec
687 1545 810 1604 reguum
825 1525 974 1584 Romanis
993 1526 1157 1604 legavisse,
1180 1525 1234 1583 sed
1255 1526 1369 1583 obiisse
1389 1524 1495 1582 relicto
1517 1523 1633 1581 infante

294 1627 357 1684 filio
374 1627 421 1684 vel
443 1629 554 1704 potius,
577 1639 609 1686 ut
631 1629 710 1686 infra
725 1628 900 1700 videbimus,
922 1628 1004 1700 tiliis,
1025 1647 1081 1686 nec
1102 1627 1277 1686 hereditatis
1291 1628 1420 1698 nomine,
1442 1625 1496 1684 sed
1517 1625 1634 1684 tutelae

295 1728 421 1786 Brutum
444 1750 568 1808 reguum
590 1731 794 1808 occupavisse.
837 1731 984 1790 Inventus
1006 1742 1054 1789 est
1074 1730 1180 1788 titulus
1201 1731 1233 1788 in
1254 1729 1366 1807 oppido
1387 1728 1537 1787 Thraciae
1552 1726 1633 1785 Visa

295 1831 393 1903 hodie,
417 1832 489 1890 olim
511 1832 606 1909 Bizye
628 1834 686 1891 sito
707 1833 739 1890 in
760 1833 990 1892 mediterraneis
1013 1851 1107 1910 supra
1128 1830 1365 1909 Salmydessum.
1397 1831 1445 1889 Ba
1464 1830 1539 1890 urbs
1562 1849 1632 1889 cum

295 1933 375 2010 opud
397 1935 559 2012 scriptores
582 1932 719 1995 Graecos
740 1937 824 2013 περὶ
845 1936 959 1994 feratur
979 1936 1125 1994 Asterum
1146 1934 1296 1994 Thraciae
1316 1934 1425 2012 gentis,
1446 1933 1526 2010 apud
1546 1931 1633 1992 Leti·

293 2053 349 2093 uos
371 2055 474 2114 regum
491 2035 644 2097 Threcum
658 2037 697 2113 ¹),
720 2038 878 2097 universae
892 2038 1043 2097 Thraciae
1064 2056 1152 2116 reges
1173 2056 1228 2097 eus
1249 2037 1409 2114 dequibus
1426 2053 1484 2095 nos
1509 2037 1632 2112 aginam

294 2137 334 2195 ihi
367 2138 557 2214 potissimum
583 2140 685 2199 sedem
718 2140 859 2200 hahuisse
889 2141 996 2200 titulus
1030 2159 1123 2219 supra
1152 2140 1325 2218 propositus
1356 2139 1528 2208 confir-man
1560 2156 1633 2196 uam

292 2235 389 2317 Cotys
412 2259 466 2300 rex
488 2243 539 2300 ubi
562 2243 735 2318 perentibus
749 2243 922 2303 memoriam
942 2244 1089 2322 posuerit,
1109 2243 1152 2302 ihi
1174 2262 1242 2302 eum
1263 2241 1449 2302 habitavisse
1469 2249 1632 2300 cousenta-

292 2360 382 2399 neum
405 2353 460 2402 est.

376 2443 437 2503 Per
452 2445 531 2504 helle
546 2446 648 2504 civilis
660 2447 867 2508 Romanorum
888 2459 976 2528 gesta
996 2468 1016 2508 a
1029 2458 1126 2507 morte
1140 2445 1283 2508 Caesaris
1305 2447 1461 2507 dictatoris
1482 2445 1521 2506 ad
1543 2464 1634 2524 proe-

292 2546 365 2605 lium
388 2566 483 2624 usque
504 2549 664 2607 Actiacum
686 2552 739 2626 qni
760 2559 1033 2610 commemorantur
1054 2551 1195 2610 Thracici
1215 2569 1318 2630 reges,
1342 2568 1466 2610 numero
1487 2558 1634 2627 quattuor

292 2657 362 2707 sunt
382 2650 601 2727 Rhescuporis,
622 2651 779 2726 Rhoecus,
802 2652 930 2725 Sucida,
944 2653 1189 2712 Rhoemetalces.
1232 2652 1283 2712 Ex
1304 2653 1352 2712 his
1373 2651 1579 2730 Rhescuporis
1601 2660 1634 2709 et

293 2749 432 2810 Rhascus
458 2753 566 2812 fratres
593 2754 691 2831 reguli
718 2755 839 2815 luerunt
866 2753 1052 2833 Sapaeornm
1080 2757 1179 2835 gentis
1204 2756 1237 2814 in
1264 2755 1402 2814 confiniis
1423 2755 1574 2814 Thraciae
1601 2764 1634 2812 et

294 2852 488 2914 Macedoniae
510 2858 692 2916 constitutae
703 2854 746 2935 ²),
767 2877 894 2935 quorum
917 2859 967 2917 ille
989 2868 1020 2918 et
1040 2866 1131 2917 autea
1147 2858 1327 2936 Pompeium
1348 2867 1454 2916 contra
1468 2854 1632 2917 Caesarem

292 2955 487 3031 adiuverst³)
519 2967 550 3017 et
576 2958 704 3019 Brutum
732 2961 848 3020 adiuvit
873 2960 979 3020 Bessis
1004 2960 1115 3020 bellum
1143 2960 1371 3035 inferentem).
1414 2959 1502 3018 Bello
1528 2966 1631 3017 autem

291 3056 481 3135 Philippensi
503 3059 709 3138 Rhescuporis
731 3060 832 3122 Cassii
853 3071 955 3140 partes
978 3073 1109 3135 secutus,
1142 3062 1282 3122 Rhascus
1306 3062 1430 3120 Antonii
1451 3079 1527 3120 suae
1548 3069 1632 3119 uter·

292 3177 351 3235 que
365 3161 443 3238 parti
459 3161 656 3223 fortissimam
671 3184 794 3242 opernm
809 3165 932 3225 navavit
941 3161 989 3240 ⁵);
1008 3184 1070 3243 quo
1084 3184 1141 3226 suo
1156 3164 1263 3225 merito
1273 3164 1413 3225 Rhoecus
1424 3164 1542 3224 devicto
1553 3160 1631 3223 Ces-

297 3390 501 3400 -ι--ι-

369 3571 393 3636 ¹)
418 3575 504 3627 Strsb.
520 3577 535 3625 7
554 3577 585 3626 ir.
601 3577 650 3627 48:
673 3571 773 3627 Ἀστῦν
793 3573 820 3626 tl
839 3573 975 3641 βαι-ἵλεων
991 3565 1020 3643 ἧν
1036 3570 1125 3644 uuir..
1156 3578 1247 3644 Steph.
1266 3577 1343 3642 syn:
1362 3567 1440 3645 Βιζυή
1458 3565 1536 3636 πόλις
1554 3566 1631 3646 θρέ-

291 3680 333 3727 ιης
351 3655 380 3714 ri
399 3663 444 3715 τῶν
461 3659 558 3717 'Acriis
572 3663 707 3727 flacciteus
742 3670 811 3721 Pliu.
825 3672 850 3732 4,
867 3673 910 3733 11,
926 3673 960 3722 57
980 3671 1024 3733 (ci.
1039 3672 1122 3724 Solio.
1139 3671 1257 3733 10,18):
1276 3668 1356 3737 Bizye
1374 3688 1424 3721 arr
1440 3687 1526 3739 repom
1543 3668 1628 3722 Thro-

292 3758 354 3817 ciue,
376 3774 394 3807 α
411 3757 485 3808 Terei
503 3759 599 3824 ch‘asto
619 3761 704 3810 ιἰιυὶεα
720 3759 905 3812 hirundinibus.
935 3766 1016 3814 Astac
1035 3763 1187 3814 habitabant
1204 3763 1232 3813 in
1252 3763 1447 3814 mediterrsueis
1466 3779 1483 3813 a
1499 3763 1629 3814 Perintho

291 3851 325 3899 etl
344 3851 515 3914 Apollonium
533 3851 655 3912 (Ptolem.
670 3855 695 3915 3,
713 3857 796 3916 1,10,
817 3855 850 3905 cl'.
868 3856 924 3904 Liv.
943 3856 988 3917 38,
1007 3857 1061 3917 40).
1100 3856 1171 3905 Inter
1188 3855 1279 3905 titulos
1297 3871 1407 3920 quorum
1425 3856 1629 3907 hlortltmaunus

291 3941 354 3991 mihi
374 3944 476 4006 copiam
494 3944 557 3994 fecit
575 3944 617 3995 hic
637 3952 676 3995 est
694 3955 817 4012 exceptus
836 3948 863 3997 in
882 3948 978 4013 oppido
998 3947 1126 3999 Tschorlu
1144 3962 1226 4014 prope
1244 3948 1363 3999 Perinthi
1381 3949 1476 4000 rudera
1495 3948 1539 4010 (ci.
1554 3948 1586 3999 C.
1605 3949 1629 3998 1.

293 4032 339 4084 Gr.
360 4049 385 4083 u.
403 4035 499 4096 2023):

784 4126 1147 4172 ΜΕΡΙΟϋῦΥΛΙΟῑΙΟΥΛΔοξ

785 4227 1144 4272 ΞΤΡΑΤΗΓΟξΑΞΤΙΚΗξΠΕΡΙ

786 4329 1186 4375 ΠΕΡΙΝΘΟΝΕΥΧΑΡΙΣΤΗΡΙΟΝ

291 4449 318 4499 ld
344 4458 382 4500 est
406 4446 552 4518 [Τι]βίριος
571 4439 707 4515 Ὶ[ο]υ’λιος
732 4449 902 4518 [Τ]οὔλ[λ]ος
920 4454 952 4517 (l)
979 4443 1117 4523 crpsrtps'e
1140 4447 1260 4518 'Aceste
1284 4451 1339 4523 περὶ
1365 4449 1494 4522 uipereo
1518 4447 1630 4526 εὔχαρι-

292 4530 402 4609 scriptor.

367 4630 392 4696 ²)
414 4635 485 4685 Hecu
504 4635 579 4700 plene
599 4637 781 4702 intelleguntur
799 4654 831 4688 ex
851 4647 972 4689 securata
991 4640 1139 4691 narratione
1158 4641 1273 4706 Appiani
1292 4640 1317 4689 h.
1336 4655 1359 4690 c.
1372 4640 1398 4702 t,
1413 4641 1456 4690 87.

367 4724 391 4788 ³)
418 4727 492 4778 Caes.
507 4728 531 4776 h.
552 4745 572 4777 c.
589 4729 614 4790 3,
630 4731 660 4780 4:
688 4745 719 4778 ee
732 4727 888 4782 Macedonia
910 4727 956 4780 CC
970 4739 1050 4792 erosit,
1072 4730 1160 4798 quibus
1174 4730 1340 4799 llhoseipoltc
1353 4737 1477 4798 praeerat
1494 4729 1632 4782 excellenti

290 4819 390 4868 uirtute.
428 4821 526 4869 anou.
541 4821 566 4880 5,
582 4820 631 4870 55:
656 4819 757 4887 pelidae
779 4821 893 4872 dominus
911 4821 1075 4891 Rhaacipolis
1100 4840 1168 4874 oruc.
1206 4823 1301 4890 Sepsei
1325 4840 1383 4875 cum
1406 4825 1467 4890 iuge
1485 4823 1631 4888 Rhodopes

291 4918 427 4976 occupent,
448 4912 539 4976 quibus
559 4912 715 4964 Macedouis
734 4922 759 4964 et
778 4914 892 4966 Thracio
910 4923 1074 4980 separentur,
1100 4917 1156 4980 peri
1175 4917 1229 4966 iere
1248 4918 1303 4966 iure
1322 4918 1423 4983 utrique
1442 4925 1527 4967 terroe
1547 4917 1629 4966 tribui

291 5009 437 5065 potueruut.
479 5002 571 5053 Getica
590 5022 637 5055 ora
655 5014 694 5056 est
712 5007 772 5057 litus
791 5006 823 5057 nb
843 5008 951 5059 Abdera
972 5009 1005 5059 ud
1025 5010 1092 5059 ostis
1111 5009 1183 5059 fluvii
1202 5009 1285 5060 Nesti.

368 5093 392 5155 ¹)
418 5095 471 5145 Dio
491 5098 534 5157 47,
556 5099 600 5148 25.

369 5184 392 5248 ⁶)
418 5188 555 5252 Appisuus
575 5189 598 5239 b.
619 5207 640 5239 e.
655 5192 681 5251 4,
696 5193 739 5241 87,
756 5193 892 5242 103.104.
909 5194 970 5242 129.
