3458 6292
613 505 765 557 cremor
783 505 977 559 sasamon.
1441 486 1462 556 9

136 611 288 619 ——--——

135 683 207 754 oari,
229 681 322 739 filiam
344 680 374 738 in
396 680 500 740 matris
522 698 609 739 sacra
630 679 777 740 adscitam
798 680 901 740 fuisse.
935 681 1141 740 Etfuitvero.
1174 679 1317 757 Legimus
1333 680 1363 737 in
1378 681 1465 740 titulo

136 783 170 844 C.
193 785 218 842 Ι.
241 783 335 842 2183:
364 778 443 843 θεῆς
471 775 637 849 Σεβαστεῖς
658 775 787 840 Αἷσλῖδοο
811 773 982 867 anparapo'pw
1003 774 1217 865 Ἀγριππεῖνας,
1243 783 1295 841 ubi
1321 801 1387 841 eum
1414 784 1466 842 vix

134 887 269 965 reperias
289 904 348 964 quo
371 904 471 945 errore
493 877 655 950 Σεβαστιῖς
675 885 852 945 vocabulum
874 886 1038 961 irrepserit,
1061 885 1126 944 sine
1147 884 1238 944 dubio
1254 884 1384 957 Claudii,
1406 904 1466 944 non

138 989 309 1049 Germanioi
333 1007 410 1047 uxor
431 987 547 1047 dieitur.
584 987 701 1047 Tamen
723 989 863 1066 quoniam
878 987 1063 1064 Mytilenaei,
1086 977 1149 1043 νέαν
1170 982 1248 1044 Secia
1269 988 1465 1048 inscribentes

136 1092 346 1169 Agrippinam,
368 1091 468 1167 ipsum
491 1109 600 1148 nornen
622 1098 788 1161 tacuerunt,
811 1091 946 1167 sequitur
968 1109 1003 1148 eo
1019 1090 1124 1149 saltem
1140 1097 1272 1168 tempora
1289 1108 1348 1167 quo
1363 1089 1468 1150 titulus

136 1194 303 1270 insculptus
325 1203 381 1265 est,
404 1193 535 1251 nondum
558 1191 677 1252 Cereris
698 1211 806 1252 nomen
827 1213 893 1252 earn
916 1192 1076 1270 accepisse.

221 1294 491 1374 Gymnasiarohiae
513 1315 622 1354 munus
643 1296 673 1354 in
689 1297 887 1374 Agrippinam
909 1314 968 1355 non
991 1296 1132 1355 collatum
1154 1305 1243 1369 esset,
1265 1297 1324 1355 nisi
1345 1296 1468 1374 liturgia

136 1400 236 1477 potius
256 1400 451 1476 magistratus
473 1397 589 1469 fnisset,
611 1398 642 1456 id
664 1399 743 1474 quod
766 1399 845 1476 apud
860 1398 1060 1458 Athenienses
1082 1399 1125 1457 ita
1144 1398 1240 1458 luisse
1257 1399 1355 1459 verius
1377 1417 1467 1475 quarn

136 1502 303 1578 elegantius
331 1501 546 1560 demonstravit
572 1499 736 1560 Neubauer
766 1499 931 1560 Commeat.
961 1501 1053 1578 epigr.
1081 1520 1109 1576 p.
1127 1501 1233 1578 33sq.,
1259 1502 1297 1561 ol.
1324 1501 1403 1562 infra
1428 1501 1468 1559 ad

136 1626 165 1664 n.
183 1605 255 1664 XX.

136 1876 194 1936 111.
237 1876 274 1934 In
295 1877 362 1936 basi
384 1894 552 1936 marmorea
573 1874 643 1935 Pao.
682 1873 753 1936 Sine
775 1875 914 1935 lemmate
935 1874 1012 1935 Vatt.
1049 1874 1177 1951 Reliqua
1198 1895 1226 1935 v.
1247 1874 1326 1953 apud
1342 1874 1468 1935 Momm·

180 1999 293 2039 senum.

569 2080 658 2141 Cives
679 2082 808 2141 Romani
830 2084 882 2159 qui

568 2185 740 2261 Mytileneis
763 2184 980 2263 nego[t]iantur

568 2288 609 2345 M.
631 2285 740 2361 Tit[i]o
764 2286 830 2362 [Μ.]
853 2287 873 2345 f.
896 2307 951 2365 pro
974 2306 1035 2346 oos.

568 2388 661 2465 praef.
684 2389 791 2447 elassis
814 2407 878 2448 oos.
1112 2408 1168 2447 eoa.
1190 2409 1219 2448 a.
1235 2409 1258 2449 e.
1275 2389 1337 2449 723

569 2491 661 2566 desig.
683 2497 811 2568 patrono

610 2592 734 2652 honoris
756 2611 848 2652 eausa

140 2787 196 2848 Ed.
219 2789 387 2847 Mommsen
412 2783 445 2846 O.
461 2786 487 2844 I.
500 2784 536 2845 L.
558 2785 704 2859 111,450.

137 3079 190 3138 IV.
234 3079 270 3136 In
297 3078 436 3136 columna
461 3094 628 3136 marmorea
648 3073 780 3136 Neronis
805 3077 988 3154 epigramma
1009 3077 1082 3138 Poo.
1125 3078 1174 3137 Ad
1197 3097 1394 3137 marmoream
1416 3097 1466 3138 oo·

178 3182 310 3240 lumnam
341 3181 374 3239 in
402 3177 554 3239 Neronem
582 3178 743 3239 Caesarem
772 3180 956 3257 epigramma
982 3179 1059 3240 Voll.
1114 3181 1258 3240 Boeekhii
1286 3182 1396 3240 lemma
1424 3176 1466 3239 ‘in

179 3279 300 3343 Aeolia’
321 3282 479 3341 Muratorii
500 3282 689 3360 neglegentia
710 3292 817 3341 ortum.

222 3472 271 3550 [Ὁ
299 3468 401 3551 δᾶμος]
430 3474 434 3552 Ι
458 3465 568 3557 Νὲρωνα
587 3464 705 3531 Ἰούλιον
727 3475 732 3552 Ι
755 3465 889 3559 Καῖστιρα
909 3471 1002 3533 παῖδα
1025 3471 1030 3555 Ι
1053 3465 1114 3533 θέω
1137 3464 1186 3533 vlo
1208 3467 1375 3559 ΓερμαΙνῖκω
1398 3467 1466 3533 Kol-

221 3599 307 3660 capos
329 3578 334 3654 Ι
357 3567 404 3634 nol
429 3566 505 3636 θέας
526 3568 664 3652 Αἷσλῖᾐδος
685 3567 864 3661 καρποφὲᾓρω
885 3569 1082 3662 Ἀγριππίνης.

138 3767 172 3828 C.
188 3769 214 3827 I.
235 3766 327 3828 3528.
350 3802 387 3812 -
411 3767 481 3826 V.1
506 3764 520 3823 ὅ
549 3761 639 3834 δᾶμος
664 3767 731 3826 add.
759 3786 798 3825 ex
812 3767 921 3827 Vallia.
966 3767 1095 3828 Formae
1116 3764 1193 3826 θεοῦ
1214 3759 1274 3826 νέου
1295 3770 1468 3850 Γερμανικοῦ
1502 3815 1504 3819 .

137 3879 167 3930 el
187 3860 372 3955 καρποφᾶρας
391 3861 592 3954 Ἀγριππεῖνας
614 3888 683 3929 vere
706 3869 926 3929 Muratorlanae
948 3880 1025 3930 sunl.

220 3973 344 4032 Positus
367 3972 469 4032 titulus
491 3982 562 4048 post
583 3992 610 4032 a.
627 3971 676 4044 20,
698 3991 759 4049 quo
781 3982 881 4050 togam
896 3972 1013 4032 virilem
1033 3973 1160 4051 sumpsit
1174 3971 1257 4033 Nero
1270 3974 1376 4047 Iulius,
1398 3982 1467 4033 ante

138 4096 164 4135 a.
182 4077 231 4146 31,
254 4094 312 4152 quo
335 4083 470 4134 mortuas
493 4085 554 4146 est3
576 4076 614 4134 of.
638 4075 710 4134 Tuo.
733 4076 812 4134 Anu.
828 4075 877 4134 III
894 4076 942 4135 39.
965 4075 1008 4134 1v
1024 4077 1052 4135 4.
1090 4077 1251 4135 Parentum
1274 4093 1360 4134 saera
1382 4095 1408 4133 a.
1428 4077 1465 4136 18

138 4178 218 4255 apud
233 4178 430 4256 Mytilenaeos
453 4188 560 4255 coepta
581 4196 647 4237 esse
668 4178 822 4256 probabile
846 4179 935 4250 dueo;
957 4185 1027 4237 tuno
1048 4179 1125 4237 enim
1145 4176 1342 4237 Germanicus
1364 4179 1394 4236 in
1412 4176 1467 4254 Sy·

136 4281 212 4339 riam
238 4281 426 4358 profecturus
449 4282 486 4339 ab
508 4281 634 4340 Euboea
654 4280 755 4340 insula
773 4276 912 4341 ‘Lesbum
936 4281 1079 4353 tramisit,
1107 4281 1157 4339 ubi
1179 4281 1348 4357 Agrippina
1368 4281 1466 4339 novis·

137 4383 214 4442 simo
242 4392 330 4460 partu
357 4383 464 4442 Iuliam
491 4379 604 4443 edidit'.
627 4416 667 4425 —
696 4384 868 4461 Agrippina
892 4384 923 4441 in
951 4402 1059 4442 nomen
1087 4383 1321 4460 religionemque
1348 4381 1467 4442 Cereris

138 4486 210 4543 deae
234 4485 348 4543 adscita
368 4479 430 4541 &rel
452 4476 547 4545 Αἰολὶς
567 4474 747 4567 καρποφέρσς
767 4485 939 4544 vocabatur.
976 4485 1048 4544 Non
1070 4486 1172 4562 exigui
1194 4485 1332 4544 videntur
1347 4484 1467 4545 Cereris

136 4586 396 4662 Proserpinaeque
422 4586 501 4663 apud
523 4586 651 4646 Lesbios
679 4587 807 4646 honoros
836 4588 945 4647 fuisse:
973 4587 1002 4644 ai
1029 4577 1207 4671 καρποφόρα.
1229 4578 1299 4644 θεαὶ
1320 4587 1416 4647 latent
1437 4590 1468 4647 in

136 4689 225 4766 frgm.
243 4687 278 4748 C.
294 4689 318 4746 l.
336 4686 428 4761 2175,
451 4689 630 4766 eaedemque
652 4688 724 4747 deae
740 4689 829 4747 etiam
844 4690 904 4749 alio
919 4690 1055 4767 quamvis
1071 4689 1198 4748 obscuro
1213 4689 1331 4749 nomine
1347 4700 1469 4750 utuntur

137 4791 288 4869 mysteriis
310 4791 435 4851 sancito.
471 4790 550 4848 Nam
573 4810 628 4866 pro
650 4791 806 4866 explorato
827 4809 894 4850 esse
909 4801 1018 4868 potest,
1040 4792 1158 4850 illarum
1175 4792 1359 4853 sacerdotem
1373 4792 1468 4852 fuisse

137 4895 292 4954 mulierem
314 4911 392 4973 quae
415 4894 445 4952 in
468 4893 556 4952 titulo
578 4892 769 4968 h.syll.v]1
792 4883 862 4975 {apio
884 4895 936 4950 τᾶν
958 4889 1035 4951 θεᾶν
1055 4891 1213 4972 ’Emporia
1234 4905 1366 4955 vocatur.
1404 4895 1467 4955 Du·

136 4997 207 5074 plex
233 5005 390 5075 praeterea
415 4995 488 5054 deae
508 4987 664 5072 Ἐτηφῖλας
685 4995 830 5054 memoria
852 5005 972 5054 serrata
993 5007 1039 5056 est
1058 4997 1089 5055 in
1111 4997 1197 5056 titulo
1220 4999 1300 5075 apud
1323 4997 1467 5058 Conzinm

135 5097 255 5159 Lesbos
282 5094 574 5173 at.xv11,1,1t
596 5107 626 5157 et
647 5096 682 5157 O.
703 5096 728 5155 Ι.
751 5097 780 5155 11
803 5097 881 5156 Add.
898 5097 1016 5171 llssib,
1044 5100 1152 5175 quibus
1173 5100 1248 5159 locis
1271 5098 1364 5159 Ceres
1385 5110 1467 5160 certo

136 5198 339 5279 intellegenda
362 5206 421 5263 ast.
462 5198 601 5280 Denique
628 5199 717 5260 Eresi
745 5201 867 5259 invento
893 5200 1065 5280 anaglypho
1092 5202 1253 5282 inscriptus
1280 5210 1325 5264 est
1351 5202 1468 5265 dativus
