3458 6292
689 523 840 575 cremor
857 523 1055 575 assumes.
1487 506 1532 576 21

209 628 361 637 ——-—--

207 698 347 775 (tertium
375 717 483 757 nomen
511 715 570 755 non
599 697 728 773 extrieo)
755 694 905 756 Gallicani
932 697 990 756 viri
1015 699 1182 758 consularis
1195 699 1225 775 1)
1252 699 1418 776 horumque
1443 700 1536 759 filiam

206 800 378 860 Corneliam
401 799 600 879 Cethegillam
631 806 731 858 statua
756 798 931 859 honoratam
958 819 997 859 ex
1025 810 1146 860 senatus
1173 802 1336 879 populique
1361 802 1536 879 Mytilenaei

205 905 392 964 auctoritate.
430 901 566 976 Quorum
589 902 742 961 hominum
764 907 891 962 aetatem
914 903 940 962 si
963 903 1134 980 quaerimus
1157 923 1246 963 unum
1268 913 1315 963 est
1336 922 1389 962 cur
1404 914 1537 964 vetemur

205 1007 294 1064 nimis
320 1006 476 1082 antiquum
503 1005 620 1064 titulum
647 1013 762 1082 putare.
805 1005 970 1064 Verissime
992 988 1082 1082 ssepe
1104 1026 1123 1063 a
1144 1006 1247 1064 multis
1269 1007 1459 1065 observatum
1480 1015 1536 1080 est,

206 1116 321 1167 veteres
349 1108 525 1166 mulieribus
552 1108 691 1185 publicos
716 1108 847 1166 honores
874 1107 1015 1167 tribuisse
1040 1109 1137 1185 magis
1164 1110 1195 1166 in
1220 1108 1366 1167 maiorum
1394 1127 1482 1184 quem
1503 1111 1536 1168 in

205 1213 338 1289 ipsarum
360 1213 503 1270 honorem
525 1221 554 1269 et
576 1210 712 1286 gratiam.
745 1209 816 1268 Iure
836 1209 929 1288 igitur
949 1229 1009 1269 non
1032 1211 1128 1270 solum
1150 1219 1235 1287 pater
1256 1217 1285 1270 et
1306 1219 1410 1282 mater,
1432 1231 1535 1271 verum

205 1333 279 1373 avus
308 1332 430 1390 quoque
458 1311 645 1389 Cethegillae
674 1312 918 1373 honorificentius
943 1315 1127 1386 nominatum
1161 1331 1264 1372 omnes
1290 1313 1368 1372 enim
1397 1313 1471 1373 bene
1498 1314 1536 1375 de
1591 1391 1595 1397 ·

205 1417 302 1493 patria
327 1415 425 1479 meriti
452 1415 580 1474 fuerent.
623 1413 694 1473 Non
720 1414 846 1474 adicitur
868 1415 1062 1494 Theophanis
1089 1434 1211 1487 nomen,
1239 1434 1328 1491 quem
1354 1415 1534 1476 caelestibus

205 1518 279 1576 adeo
307 1517 472 1576 honoribus
502 1517 657 1576 coluerant
684 1517 873 1593 Mytilenaei,
902 1518 978 1576 hano
1004 1519 1111 1594 opinor
1135 1525 1258 1595 propter
1286 1535 1424 1589 eausam,
1454 1519 1534 1596 quod

204 1621 297 1678 nimia
330 1620 476 1697 temporis
511 1619 732 1695 intercapedine
765 1620 830 1678 eius
862 1620 1006 1679 memoria
1036 1641 1055 1680 a
1086 1619 1272 1697 Cethegillae
1305 1621 1418 1680 honore
1450 1639 1533 1699 sepa·

204 1730 272 1781 rata
297 1722 364 1781 fuit.

204 1983 343 2042 XXIIII.
386 1983 511 2042 Ibidem.

750 2111 876 2196 ’hydis
896 2109 983 2198 τύχα

287 2221 308 2280 οἱ
328 2213 428 2289 βόλλα
449 2213 497 2280 urei
518 2221 532 2280 ὅ
556 2217 647 2291 δᾶμος
667 2213 861 2301 ἒτεῖμα[ο·]ο·εν
874 2212 1021 2280 Μοδεοτον
1034 2218 1213 2280 Ἀπολλωνοω
1231 2223 1272 2279 roi
1284 2213 1426 2284 Αόλῖωνος
1441 2217 1532 2281 παῖδα

286 2317 465 2383 ’Arethonis
488 2327 528 2382 roi
549 2314 774 2408 γυμνασοᾶρχω,
795 2319 841 2381 τδν
863 2315 1052 2400 ἀγωνοθέτου
1072 2314 1121 2381 uni
1142 2317 1388 2408 παναγυριόρχον.

203 2516 258 2573 Bis
280 2514 428 2592 reperitur
449 2515 554 2574 titulus
575 2516 607 2575 in
627 2514 765 2576 Pariana
785 2514 911 2592 sylloge,
934 2514 1016 2574 nulla
1036 2515 1099 2575 lere
1119 2514 1257 2575 lectionis
1279 2515 1489 2592 discrepantia.

286 2618 378 2677 Aulio
405 2626 435 2676 et
455 2618 565 2679 Aulius
591 2614 668 2677 duae
688 2617 827 2677 diversae
848 2616 981 2677 eiusdem
1003 2617 1107 2694 stirpis
1129 2618 1322 2678 formationes
1345 2631 1429 2690 sunt,
1456 2619 1533 2679 siout

204 2720 338 2798 Vergilio
366 2727 396 2779 et
417 2721 585 2798 Vergilius,
607 2716 684 2780 (lato
709 2728 740 2779 et
760 2716 872 2790 Catus,
898 2719 959 2777 alia
984 2719 1088 2777 multa.
1133 2713 1225 2776 παῖδα
1252 2720 1429 2780 vocabulum
1456 2723 1531 2781 satis

202 2824 379 2899 impeditum
401 2823 500 2881 locum
521 2830 647 2899 occupat
667 2820 797 2881 medium
816 2798 895 2879 inter
916 2820 975 2880 duo
996 2822 1046 2878 avi
1067 2821 1202 2893 nomina,
1224 2823 1326 2882 neseio
1347 2823 1533 2899 quadratarii

201 2925 392 3002 neglegentia
422 2944 460 2984 an
487 2924 627 3001 quaesita
653 2923 785 2984 auctoris
814 2922 971 3002 elegantia
1022 2922 1184 2982 Manifesto
1210 2933 1309 2984 autem
1337 2926 1455 2985 additur
1482 2930 1532 2986 avi

200 3046 309 3085 nomen
336 3028 516 3106 heepropter
542 3027 621 3105 qnod
645 3046 768 3087 munere
789 3024 911 3105 publico
931 3026 1050 3085 innotus
1072 3026 1266 3086 honorificam
1289 3028 1336 3087 sui
1356 3030 1530 3088 memoriam

201 3130 372 3206 reliquerat.

202 3390 475 3450 xxv-XXVII.
518 3390 634 3451 Ibidem
660 3388 734 3448 Ροο.
777 3386 828 3448 Ad
852 3389 998 3449 circulare
1023 3407 1222 3448 marmoreum
1248 3391 1367 3467 epistile
1394 3393 1529 3472 esculapi

243 3494 443 3571 antiquissimi
465 3494 570 3570 templi
592 3501 622 3551 et
643 3493 745 3568 utique
767 3491 954 3569 (antiquaei)
976 3491 1083 3550 dianae
1102 3493 1236 3551 thermae
1257 3492 1323 3552 Pal.

202 3683 304 3744 XXV.
357 3684 495 3761 ....ο[ς]
516 3673 802 3759 Ἀοκ[λα]π[ο]μ’[δα]
823 3674 896 3766 ipsus
918 3675 967 3740 διὰ
987 3683 992 3760 Ι
1015 3671 1112 3759 pineae
1131 3684 1172 3740 rui
1187 3683 1318 3768 Σωτῆρος
1340 3678 1525 3763 ΙἈοκλοοπῖω

352 3778 400 3844 ucri
422 3777 495 3871 ipsos
518 3787 523 3864 Ι
548 3779 595 3842 dui
616 3776 674 3851 βίω
696 3775 842 3850 Λεσβίοις.

200 3977 318 4038 XXVI.
357 3999 394 4037 wc
420 3970 473 4035 triv
493 3965 615 4060 κράνοοον
638 3979 643 4054 Ι
666 3966 714 4034 uni
735 3970 766 4034 τὲ
790 3963 971 4060 tidpoyw'ysav
992 3969 1056 4054 ἇπΙδ
1079 3978 1236 4060 Ksyypedv
1255 3968 1393 4061 Ἀρτέμιδι
1415 3982 1528 4064 &lepram

352 4069 460 4137 ευάκόω
484 4071 632 4157 Athaco).

198 4271 332 4330 XXVII.
606 4261 808 4354 αὐτοκράτορος
829 4260 904 4346 Salar
927 4312 1057 4328 .......

607 4364 654 4430 καὶ
673 4362 852 4432 Ἀπόλλωνος
874 4364 992 4455 &spurio
1016 4414 1146 4430 .......

200 4564 276 4624 Tres
299 4567 355 4624 hae
377 4565 587 4641 inscriptiones
609 4562 697 4621 unius
720 4581 822 4622 omnes
839 4562 898 4622 loci
913 4581 980 4622 esse
995 4561 1132 4621 concludi
1147 4569 1247 4640 potest
1262 4581 1301 4620 ex
1315 4561 1451 4623 lemmate
1466 4565 1523 4624 Pa·

199 4667 302 4726 latino.
347 4668 387 4725 Et
413 4669 442 4726 in
464 4666 637 4745 apographo
659 4666 793 4725 Paviano
816 4665 955 4742 deinceps
976 4665 1124 4741 leguntur,
1155 4664 1234 4741 quod
1256 4663 1312 4722 etsi
1333 4683 1391 4724 non
1413 4668 1523 4743 ubique

276 5019 300 5083 ¹)
328 5019 499 5086 [intellegitur
519 5020 611 5085 opinor
624 5019 662 5069 Μ.
676 5018 777 5084 Squilla
789 5018 938 5070 Gallicanus
956 5019 1045 5069 consul
1063 5017 1208 5068 ordinarius
1227 5033 1251 5068 a.
1263 5021 1324 5081 127,
1343 5021 1414 5071 ouius
1426 5035 1522 5071 nornen

197 5114 357 5178 gentilicium
380 5130 448 5164 nuno
472 5115 575 5163 demum
600 5111 745 5162 innotescit.
782 5111 856 5162 Uxor
875 5111 1002 5162 Gallicani
1028 5112 1112 5177 neptia
1131 5111 1240 5162 fortasse
1259 5112 1309 5161 fuit
1326 5114 1449 5178 praetorii
1468 5114 1523 5164 eius

199 5205 244 5271 qui
261 5204 552 5272 penitenciam.
591 5206 643 5256 Tu.
662 5202 713 5268 ht]
