3458 6292
179 1626 469 1807 'cmiter
506 1689 890 1805 moenium
927 1683 1418 1802 nsennuonvu

279 1876 724 1992 insanorum
763 1873 1041 1989 sucosa
1079 1870 1352 1987 nanum.

154 2356 360 2498 Menochii
383 2439 629 2516 epigrammatum
652 2439 712 2515 (cd.
727 2439 843 2497 Romae
858 2437 952 2513 1521)
974 2436 1112 2511 exemplo
1133 2434 1204 2493 olim
1226 2436 1257 2493 in
1273 2433 1305 2496 S.
1322 2435 1483 2514 Augustini

155 2541 316 2612 coenobio,
344 2560 423 2599 nunc
448 2541 480 2598 in
508 2542 712 2601 universitatis
734 2541 915 2600 bibliotheca
937 2539 1040 2616 (XIV,
1063 2535 1101 2611 Q.
1118 2537 1172 2613 20)
1194 2536 1307 2596 Parias
1328 2546 1482 2598 asservato

155 2645 187 2703 in
215 2644 297 2702 ealce
324 2643 500 2702 subiunctae
527 2651 597 2702 sunt
621 2643 737 2720 aliquot
757 2642 969 2720 inscriptiones
991 2659 1082 2699 mann
1104 2640 1248 2719 scriptae,
1275 2659 1399 2720 graecae
1421 2641 1483 2717 ple-

156 2764 277 2823 raeque,
301 2744 466 2804 Lesbiacae
488 2764 601 2805 omnes.
637 2746 798 2822 Indagavit
818 2745 895 2805 hand
918 2745 1079 2822 ignobilem
1101 2744 1177 2802 hanc
1200 2743 1337 2822 syllogen
1359 2744 1484 2803 circum·

156 2855 261 2925 specta
282 2847 436 2906 Theodori
458 2847 626 2907 Mommsen
648 2848 802 2925 diligentia
823 2847 1014 2924 eiusdemque
1036 2847 1092 2905 viri
1113 2846 1224 2925 insigni
1245 2846 1389 2906 beneficio
1411 2846 1484 2904 mihi

154 2951 212 3009 hoc
238 2951 339 3008 datum
367 2957 425 3022 est,
453 2960 485 3008 ut
511 2959 663 3028 comperto
689 2951 778 3028 longe
803 2950 949 3027 plurimas
976 2967 1042 3009 esse
1063 2949 1206 3023 ineditas,
1232 2949 1363 3026 reliquas
1386 2955 1483 3007 autem

156 3071 216 3111 non
239 3053 303 3110 sine
324 3053 423 3111 fructu
446 3072 484 3111 ex
506 3073 584 3112 novo
606 3054 686 3112 fonte
708 3054 815 3112 iterum
837 3052 886 3113 edi
907 3071 1009 3130 posse,
1031 3070 1134 3112 omnes
1155 3060 1302 3129 quotquot
1321 3059 1422 3111 essent
1441 3051 1484 3109 in-

156 3155 336 3233 scriptiones
358 3155 474 3213 ederem
496 3156 651 3233 editasque
673 3156 853 3216 necessariis
876 3155 1128 3215 commentariolis
1151 3155 1338 3214 adornarem.

238 3257 338 3315 Rarae
360 3275 432 3315 sane
454 3277 526 3317 aves
548 3259 644 3316 adhuc
664 3258 748 3318 fuere
769 3259 848 3317 tituli
870 3259 971 3335 gaeci
992 3277 1032 3317 ex
1053 3258 1128 3318 solis
1150 3257 1237 3316 libris
1258 3256 1484 3333 manuscriptis

156 3358 257 3419 traditi
262 3381 270 3432 ;
295 3359 346 3418 sed
360 3359 539 3419 Mommseni
559 3362 730 3440 exemplum
744 3361 904 3419 latinarum
920 3362 1146 3439 inscriptionum
1163 3360 1251 3438 copia
1265 3361 1389 3420 mirifice
1402 3359 1485 3418 illinc

155 3471 244 3521 ancta
265 3463 421 3537 probatum
444 3463 712 3522 luculentissimam
734 3463 821 3522 nobis
843 3481 927 3540 spem
949 3464 1076 3543 aperuit,
1098 3463 1161 3522 fore
1183 3473 1215 3522 ut
1237 3463 1348 3522 eisdem
1363 3462 1484 3522 tandem

156 3564 328 3643 diligentius
350 3566 439 3624 aditis
460 3565 592 3625 fontibus
611 3566 701 3625 etiam
716 3584 889 3645 graecarum
906 3577 1058 3642 emergant
1072 3566 1153 3624 haud
1168 3567 1279 3642 exigua
1292 3565 1484 3625 incrementa.

155 3665 285 3744 Cyriaco
300 3667 500 3739 Anconitano‚
520 3668 673 3727 indefesso
695 3678 951 3728 monumentorum
966 3669 1253 3745 inscriptionumque
1267 3667 1485 3743 investigatam,

156 3771 221 3828 sive
237 3771 296 3847 ipsi
312 3769 373 3828 sive
388 3770 435 3828 his
450 3770 501 3845 qui
515 3770 579 3829 eius
594 3771 696 3849 copias
712 3772 743 3829 in
759 3789 845 3830 sunm
862 3789 951 3830 usum
965 3778 1186 3842 converterunt,
1206 3770 1237 3828 iu
1256 3768 1362 3847 primis
1378 3767 1486 3828 deben-

155 3882 203 3931 tur
224 3890 301 3948 quae
323 3889 430 3948 graeca
451 3890 490 3930 ex
512 3874 667 3933 codicibus
689 3893 768 3933 nova
789 3874 966 3933 redundant.
1009 3873 1050 3932 Et
1071 3871 1205 3950 (lysiaci,
1232 3872 1285 3948 qui
1306 3889 1385 3931 anno
1406 3871 1480 3929 1431
1580 3950 1584 3959 ¹

156 3994 196 4033 ex
222 3975 336 4036 oriente
360 3976 456 4034 redux
482 3993 623 4053 magnum
649 3976 804 4035 titulorum
831 3996 985 4036 nnmerum
1011 3976 1180 4055 adportavit
1191 3975 1234 4051 ¹),
1263 3975 1342 4033 hanc
1368 3990 1486 4050 quoquo

156 4096 246 4154 quam
268 4078 401 4137 editurus
423 4096 489 4137 sum
511 4078 649 4156 syllogen
671 4096 739 4139 esse
760 4079 902 4138 iudicavit
915 4079 1090 4137 Mommsen.
1123 4078 1164 4136 Et
1179 4077 1337 4136 verissime
1355 4076 1486 4151 quidem.

156 4181 260 4259 Longe
282 4180 410 4256 plurima
432 4199 503 4256 pars
525 4191 557 4239 ut
578 4181 641 4239 dixi
663 4181 819 4240 titulorum
839 4181 951 4240 inedita
971 4189 1030 4252 est;
1054 4181 1167 4256 aliquot
1184 4188 1284 4238 tamen
1298 4179 1383 4238 novit
1396 4179 1487 4238 etiam

157 4280 280 4339 Beeckh
296 4291 442 4360 anteaqne
457 4292 603 4342 noverunt
615 4281 726 4343 Gruter
741 4293 771 4343 et
780 4283 934 4357 Muratori
950 4302 1077 4361 quornm
1091 4282 1144 4342 ille
1158 4281 1259 4341 codice
1273 4280 1413 4339 Palatino
1428 4280 1485 4340 156

158 4381 192 4455 (s.
210 4382 323 4459 llsq.),
345 4385 393 4443 hic
408 4385 526 4444 schedis
538 4384 744 4445 vallicellanis
766 4404 785 4443 a
798 4385 861 4445 Ios.
876 4385 1052 4445 Bianchinio
1071 4384 1173 4444 missis
1196 4383 1289 4458 (nunc
1303 4382 1368 4442 eod.
1379 4382 1486 4442 Vallic.

159 4480 241 4541 G47
264 4484 285 4542 f.
302 4484 431 4561 43sqq.)
454 4504 525 4546 usus
548 4496 602 4546 est.
637 4487 674 4546 In
688 4487 829 4546 Palatino
850 4488 927 4546 libro
949 4505 1005 4545 sex
1025 4494 1095 4546 sunt
1116 4486 1215 4565 graeci
1237 4484 1327 4556 tituli,
1348 4483 1487 4544 Lesbiaci

159 4602 262 4644 omnes
284 4584 335 4661 (C.
351 4586 375 4643 Ι.
392 4584 430 4646 G.
447 4587 537 4646 2171.
554 4588 645 4647 2173.
661 4587 751 4647 2190.
768 4588 859 4648 2211.
877 4588 967 4648 2194.
985 4587 1081 4664 2172)
1103 4604 1268 4665 omnesque
1288 4596 1408 4665 praeter
1425 4587 1486 4666 pri·

157 4707 239 4746 mum
261 4688 292 4745 in
307 4687 441 4745 Paviana
462 4689 578 4765 sylloge
598 4689 730 4749 redeunt
763 4690 923 4750 Praecedit
937 4708 976 4748 ex
991 4690 1083 4750 variis
1099 4691 1295 4769 scriptoribus
1310 4690 1487 4770 deprompta

158 4791 194 4848 de
209 4790 310 4849 Lesbo
328 4790 430 4849 insula
444 4791 597 4850 adnotatio
613 4793 821 4871 geographica,
843 4801 877 4852 nt
891 4803 972 4852 certo
987 4793 1114 4853 consilio
1129 4793 1256 4854 solidam
1270 4793 1485 4856 Lesbiacornm

236 5053 258 5115 ¹)
286 5053 354 5105 Vide
375 5054 441 5103 sitae
462 5053 565 5119 (tyriaci
578 5055 802 5108 Sealamontianse
821 5071 847 5121 p.
861 5056 1047 5123 Lxxxnsq„
1066 5057 1128 5108 item
1146 5058 1303 5110 Mommseni
1322 5066 1485 5126 conspectum

158 5146 278 5195 itinemm
299 5145 401 5210 Cyriaei
420 5162 559 5213 eorumque
579 5162 644 5214 quse
663 5159 697 5199 ex
716 5149 908 5201 commentariis
926 5149 981 5202 eius
1000 5158 1136 5217 supersunt
1154 5151 1184 5203 C.
1203 5152 1226 5204 L
1242 5153 1273 5204 L.
1291 5153 1335 5205 111
1352 5169 1378 5220 p.
1393 5153 1485 5205 XXII.

158 5238 263 5288 XXIII.

1240 5337 1254 5425 ,¹
