3458 6292
313 511 385 579 282
872 530 1077 580 wrnuauus

352 706 511 782 requisitus
537 725 554 762 a
577 703 717 764 Cicerone
746 703 798 778 (ad
820 706 883 762 Att.
907 723 952 780 ep.
978 704 1030 776 13,
1055 705 1106 775 33,
1130 705 1184 779 3),
1210 705 1280 763 item
1308 725 1375 763 cum
1402 705 1643 782 praescriptione

352 818 475 867 senatus
503 806 630 865 consulti
658 807 738 884 apud
759 807 922 883 Iosephum
950 816 1010 863 ant.
1035 808 1081 879 14,
1105 808 1152 878 10,
1175 809 1227 879 10,
1255 827 1331 884 quae
1359 816 1406 865 est
1425 808 1511 865 haec:
1540 796 1643 880 δόγμα

353 905 519 986 συγκλήτου
553 899 809 992 ἀντιγεγραμμένον
843 908 874 966 ἐκ
901 909 955 965 τῶν
984 897 1086 965 δέλτων
1119 911 1174 966 τῶν
1204 902 1341 978 δημοσίων
1371 911 1426 966 τῶν
1454 909 1643 976 ταμιευτικῶν

350 1004 455 1087 Kaisar
475 1003 618 1086 Ῥουτιλίῳ
711 1003 851 1094 Κορνηλίῳ
873 1003 986 1077 ταμιάις
1006 1006 1083 1066 κατο1
1105 1000 1186 1067 πόλιν
1209 1002 1296 1087 δέλτῳ
1319 1003 1435 1094 δευτὲρᾳ
1456 1002 1505 1068 sai
1527 1009 1559 1068 ἔκ
1580 1011 1642 1068 τοῖν

352 1104 476 1197 πρώτων,
498 1114 650 1190 alteraque
673 1113 762 1173 simili
778 1114 1045 1172 senatusconsulti
1061 1113 1346 1189 Aphrodisiadensis
1370 1113 1484 1191 (Lebas
1499 1124 1529 1172 et
1543 1112 1640 1171 Wad-

353 1216 476 1292 dlngton
498 1214 654 1292 n.1617):
682 1206 727 1272 ἐπ1
754 1257 928 1275 .........
941 1238 973 1272 ου
1000 1207 1117 1273 Λευκίου
1146 1215 1209 1272 υἱοῦ
1235 1207 1351 1273 ὑπατων
1377 1214 1408 1273 ἐκ
1434 1217 1488 1272 τοῖν
1515 1211 1641 1290 ‹Maps-

348 1308 552 1402 ppctupivwvl)
584 1309 733 1394 κεφαλαῖῳ
762 1308 993 1394 .....π]ε’μπτῳ
1021 1307 1090 1393 ἕκτῳ
1116 1307 1231 1394 {liddam
1254 1308 1350 1394 ὀγδόῳ
1372 1308 1640 1394 ἔνο1τωτοι[μιευτι·

347 1423 403 1477 κων
431 1411 534 1477 δὲλτων
557 1463 669 1479 ......
692 1419 812 1495 ταμι]ιιῖν
834 1413 910 1476 κατα
932 1410 1013 1477 πᾶὶον
1036 1411 1122 1497 δέλτῳ
1147 1409 1250 1502 πρώτῃ.
1293 1419 1381 1495 Quod
1409 1421 1479 1478 olim
1505 1422 1538 1479 in
1565 1439 1638 1478 ann.

347 1523 418 1580 inst.
445 1523 523 1582 1858
545 1543 574 1599 p.
594 1522 651 1580 192
679 1523 727 1581 his
753 1522 828 1580 locis
851 1523 952 1580 allatis
979 1522 1182 1580 demonstrari
1204 1523 1330 1601 singulis
1352 1524 1439 1582 annis
1461 1530 1640 1598 quaestores

348 1627 479 1683 urbanos
503 1625 640 1682 volumen
667 1625 914 1705 conscribendum
941 1625 1095 1683 curavisse
1121 1635 1242 1684 senatus
1272 1626 1476 1684 consultorum
1499 1644 1534 1683 eo
1557 1643 1640 1683 anno

348 1729 509 1798 factorum,
537 1728 568 1785 id
595 1729 683 1786 etiam
710 1729 764 1786 sub
787 1727 1016 1803 imperatoribus
1039 1728 1069 1784 in
1090 1746 1149 1786 usu
1171 1730 1319 1787 mansisse
1342 1729 1401 1786 iam
1422 1727 1638 1804 intellegimus.

349 1814 528 1906 Explicatur
549 1831 605 1900 ita,
633 1830 712 1906 quod
738 1828 893 1888 consulum
915 1830 1035 1888 nomina
1057 1848 1117 1888 non
1139 1838 1225 1889 sexto
1246 1849 1319 1889 casu
1341 1831 1453 1907 scripta
1474 1840 1559 1900 sunt,
1581 1827 1639 1886 sed

350 1933 497 2004 secund03
520 1932 595 1991 liber
617 1933 705 2002 enim,
728 1932 806 1990 unde
828 1933 885 1989 hoc
906 1931 1056 1991 decretum
1077 1933 1284 2009 depromptum
1307 1944 1362 2003 est,
1384 1933 1529 1991 continuit
1550 1949 1639 1990 sena-

349 2044 397 2093 tus
426 2043 494 2092 acta
521 2036 585 2094 eius
614 2036 684 2092 anni
711 2036 811 2093 omnia
839 2041 900 2092 tam
928 2035 1141 2093 acousulibus
1164 2035 1323 2100 ordinariis
1344 2036 1424 2092 facta
1444 2053 1534 2110 quam
1555 2034 1641 2092 faeta

349 2157 367 2195 a
397 2137 538 2196 suffectis.
562 2171 600 2180 -
628 2137 696 2196 Hoc
721 2138 827 2195 mirum
855 2146 901 2196 est
927 2146 957 2195 et
983 2155 1092 2196 novum
1119 2138 1228 2196 librum
1254 2138 1313 2196 dici
1334 2156 1393 2195 non
1416 2146 1539 2195 senatus
1565 2155 1638 2194 eon·

347 2240 509 2312 sultorum,
543 2240 595 2297 sed
630 2240 841 2298 sententiarum
874 2241 905 2297 in
939 2248 1044 2297 senatu
1074 2240 1235 2310 dictarum3
1267 2241 1319 2315 qui
1347 2259 1412 2298 cum
1441 2238 1640 2314 comprehen-

347 2343 423 2399 derit
445 2360 569 2401 neccsse
592 2344 632 2400 sit
654 2334 721 2400 acta
742 2352 863 2401 senatus
886 2361 962 2418 quae
985 2343 1102 2418 quidem
1125 2343 1242 2418 publice
1256 2342 1509 2419 perscribereutur
1523 2342 1638 2411 omnia,

348 2444 436 2519 plena
458 2444 612 2520 inscriptio
634 2434 690 2500 suit
710 2445 817 2520 opinor
838 2445 1051 2503 sententiarum
1073 2445 1104 2501 in
1127 2455 1233 2503 senatu
1254 2445 1396 2503 dictarum
1415 2445 1638 2503 consultorum·

345 2565 403 2620 quc
430 2547 468 2604 ab
497 2565 531 2604 eo
559 2547 719 2618 factorum,
746 2548 831 2605 cuius
854 2547 960 2605 indicis
983 2547 1048 2605 sola
1069 2547 1168 2624 prima
1189 2547 1279 2605 verba
1301 2547 1501 2624 descriptores
1524 2563 1636 2623 posue·

345 2656 422 2706 runt.
442 2683 479 2692 -
506 2648 645 2724 Denique
667 2668 735 2707 cum
756 2658 835 2706 recte
857 2650 1011 2724 agnomrit
1033 2649 1249 2708 Wilmannsius
1271 2651 1379 2726 capitis
1400 2658 1517 2718 notam,
1543 2667 1637 2725 aegre

346 2751 530 2809 desideratur
552 2752 653 2809 tabula
674 2752 831 2828 paginare,
853 2769 943 2826 quam
965 2759 1082 2828 praeter
1103 2761 1192 2827 caput
1213 2752 1244 2809 in
1263 2751 1411 2810 volumine
1433 2751 1552 2809 citando
1573 2750 1637 2808 sol·

345 2853 471 2911 lemnem
493 2854 587 2911 fuisse
609 2854 680 2911 alibi
702 2854 903 2912 demonstravi
926 2854 1041 2929 (Herm.
1058 2853 1148 2912 1012
1164 2873 1193 2930 p.
1209 2853 1291 2929 116).
1326 2851 1423 2927 Quam
1444 2855 1562 2912 obrem
1582 2861 1638 2911 aut

343 2956 374 3013 in
401 2955 500 3032 lapide
527 2955 584 3013 fuit
610 2956 648 3012 ad
669 2956 726 3013 hoc
747 2957 918 3033 exemplum
940 2973 1073 3013 x·v·r·u
1097 2951 1151 3014 aut
1170 2957 1298 3035 paginae
1321 2956 1462 3015 indicatio
1485 2937 1636 3014 collocata

346 3058 403 3114 fuit
424 3058 490 3115 loco
512 3076 616 3132 parum
639 3067 709 3134 apto
731 3066 801 3134 post
823 3058 930 3134 desae)
953 3058 1120 3134 amimam)
1143 3069 1193 3116 est.

303 3160 351 3216 Ad
375 3180 402 3217 v.
420 3161 447 3219 5.
492 3159 580 3233 Quod
603 3161 673 3218 olim
696 3161 798 3218 monui
820 3159 869 3235 (C.
885 3161 908 3218 1.
923 3159 960 3220 L.
980 3162 993 3217 1
1012 3180 1041 3237 p.
1056 3161 1128 3239 113)
1152 3171 1273 3219 senatus
1296 3162 1432 3220 consulta
1453 3161 1505 3219 ubi
1528 3161 1633 3219 dicun-

344 3270 391 3318 tur
416 3261 497 3319 facta
524 3279 590 3320 esse
616 3266 792 3335 incensitis,
820 3263 860 3319 ibi
888 3263 1020 3339 intellegi
1046 3259 1160 3322 curiam
1181 3264 1343 3323 Hostiliam
1365 3264 1397 3322 in
1418 3264 1486 3338 ipso
1509 3264 1636 3321 comitio

346 3364 489 3439 positam,
518 3365 573 3423 hac
600 3364 781 3423 indicatione
809 3369 838 3422 in
866 3370 975 3424 comitio
1000 3370 1031 3422 in
1058 3369 1141 3423 auria
1168 3365 1265 3424 denuo
1292 3366 1495 3424 confirmatur.
1539 3363 1636 3424 Curia

345 3477 441 3524 autem
467 3466 648 3542 intellegitur
674 3467 765 3537 lulia,
793 3486 882 3542 quam
908 3472 938 3525 in
966 3468 1086 3525 comitio
1109 3468 1157 3525 vel
1182 3468 1220 3524 ad
1247 3469 1400 3528 comitium
1421 3468 1515 3526 fuisse
1537 3476 1635 3528 testes
1701 3521 1704 3528 .

346 3577 416 3627 sunt
441 3568 559 3626 Plinius
580 3569 633 3640 35,
654 3571 687 3641 4,
709 3568 745 3626 27
770 3577 799 3626 et
822 3569 881 3627 Dio
901 3570 955 3640 45,
979 3571 1030 3640 173
1056 3589 1123 3628 nam
1147 3589 1210 3628 eam
1234 3589 1414 3646 quamquam
1438 3570 1633 3630 Domitianus

343 3672 469 3741 refecit,
488 3669 584 3728 locum
611 3690 675 3729 non
698 3672 859 3730 mutavisse
885 3672 974 3730 hodie
998 3690 1101 3730 omnes
1128 3674 1326 3731 consentiunt.
1369 3674 1442 3733 Fuit
1468 3684 1568 3731 autem
1592 3674 1632 3731 ad

345 3792 445 3830 arcum
474 3771 586 3832 Severi.
639 3771 801 3831 Comitium
833 3775 924 3850 igitur
952 3791 987 3831 eo
1015 3775 1082 3850 ipso
1110 3775 1176 3833 loco
1205 3775 1407 3852 quaerendum
1438 3793 1504 3833 esso
1533 3776 1634 3834 denuo

343 3875 400 3933 hoo
426 3876 555 3952 optimae
583 3876 769 3933 auctoritatis
797 3876 973 3935 documento
1001 3877 1164 3950 stabilitur;
1190 3897 1286 3954 neque
1314 3878 1472 3954 displicere
1498 3878 1559 3935 sibi
1586 3878 1632 3935 rei

343 3978 480 4053 quamvis
509 3985 597 4036 notae
625 3986 654 4034 et
681 3977 857 4036 diiudicatae
886 3980 1154 4053 confirmationem,
1183 3981 1293 4056 quippe
1321 3999 1399 4056 quae
1425 3988 1495 4055 apta
1523 3979 1563 4037 sit
1591 3979 1632 4037 ad

340 4081 430 4137 tricas
460 4080 625 4138 comitiales
654 4099 672 4136 a
700 4081 801 4137 nescio
832 4082 937 4156 quibus
965 4082 1160 4160 topographis
1188 4101 1284 4158 nuper
1314 4083 1411 4141 denuo
1442 4082 1632 4156 excogitatas

341 4182 524 4252 refutandas,
547 4182 665 4256 scripsit
686 4182 724 4239 ad
741 4190 792 4240 ‘me
813 4201 900 4258 quem
923 4184 959 4242 de
982 4184 1125 4243 hocloco
1147 4182 1284 4242 consului
1304 4185 1407 4243 harum
1428 4202 1528 4242 rerum
1550 4185 1633 4259 peri-

342 4285 476 4342 tissimus
498 4284 655 4342 Iordanus.
676 4317 714 4326 -
744 4283 818 4343 Cum
846 4287 877 4343 in
905 4296 1026 4346 senatus
1048 4287 1187 4346 consulto
1208 4285 1420 4362 perscribendo
1442 4303 1555 4356 annus,
1583 4295 1632 4343 ut·

340 4397 409 4463 pote
431 4387 482 4461 qui
505 4406 542 4444 ex
565 4387 793 4462 magistratuum
816 4387 986 4446 nominibus
1008 4389 1086 4447 effici
1109 4389 1218 4463 possit,
1239 4408 1299 4446 non
1321 4407 1389 4445 raro
1411 4396 1629 4464 praetereatur,

340 4488 405 4546 dies
432 4496 545 4558 autem,
573 4507 632 4563 quo
662 4497 782 4547 senatus
811 4492 995 4562 convenerit,
1023 4511 1082 4549 non
1109 4492 1203 4568 magis
1233 4491 1386 4550 omittatur
1413 4509 1502 4566 quam
1531 4490 1630 4562 loeus,

341 4591 417 4648 diem
445 4610 483 4648 ne
505 4592 542 4648 ab
565 4591 622 4649 hoc
644 4592 762 4666 quidem
790 4593 986 4671 instrumento
1013 4594 1126 4652 afuisse
1151 4594 1305 4666 existimo,
1334 4594 1387 4653 sed
1414 4590 1631 4670 temporis'in·

340 4694 416 4752 iuria
437 4693 572 4768 periisse.
607 4693 686 4752 Nam
709 4695 864 4754 elementis
887 4696 1078 4754 dinumeratis
1100 4697 1177 4754 inter
1199 4697 1289 4755 verba
1309 4700 1339 4754 in
1361 4699 1469 4754 comitio
1491 4699 1521 4754 ia
1544 4701 1630 4755 caria

298 4933 501 4944 -—-.——

375 5113 398 5178 ¹)
427 5114 493 5166 Cum
512 5133 599 5168 versus
619 5119 692 5168 finiat
710 5119 737 5166 iu
758 5109 794 5179 οἶν,
814 5119 940 5168 restitutio
961 5134 1050 5183 parum
1069 5120 1201 5170 satisfacit.
