3458 6292
513 533 861 585 conrnrnx'rn'rroana
879 534 1155 584 sinonnnnrcnn
1174 534 1277 585 'rnna
1486 515 1556 583 179

217 708 259 767 G.
278 708 352 769 Silli
372 708 410 767 G.
433 708 476 784 (n.
491 708 542 783 16)
563 715 593 765 et
614 706 722 766 Latine
744 707 863 777 Sillius,
887 706 981 766 Silius
1004 708 1168 783 (Morinis,
1192 708 1216 765 I.
1234 711 1271 766 R.
1288 709 1383 784 Il'eup.
1407 708 1464 765 incl.
1486 727 1559 765 notu.

217 816 279 870 cir.
303 822 331 871 et
351 810 446 887 mul),
467 829 535 869 cum
556 819 628 869 nota
648 810 851 886 praenominis
875 808 948 869 Osci
974 808 1096 868 Guauiis
1118 810 1207 869 etiam
1234 810 1326 870 Goon.
1350 811 1503 869 scribatur.

221 1020 285 1082 54.
330 1018 494 1099 signaculo
521 1020 670 1099 impressa
694 1018 812 1098 tegulae
841 1019 949 1079 litteris
972 1020 1002 1079 in
1032 1020 1134 1080 circuli
1161 1020 1277 1080 dimidii
1305 1021 1430 1080 formam
1459 1020 1560 1097 dispo·

269 1125 356 1185 sitis:
479 1155 482 1160 ·

588 1262 637 1333 vri
652 1312 661 1331 .
676 1258 793 1357 tre(?)
947 1277 1005 1336 Vo.
1019 1277 1201 1354 Trebius()
1243 1266 1246 1271 ’

315 1455 395 1516 Dedi
415 1456 543 1527 litteras,
564 1454 668 1531 quales
683 1472 723 1513 ex
738 1450 880 1514 Schoenii
903 1464 1010 1531 ectypo
1027 1452 1103 1512 meis
1118 1454 1213 1512 oculis
1228 1461 1389 1532 appaream
1412 1454 1466 1512 sed
1488 1473 1560 1531 apo·

212 1561 379 1641 ,graphnm
394 1558 452 1617 viri
466 1557 633 1617 doctissimi
655 1557 715 1615 iam
729 1566 818 1615 antea
840 1556 912 1615 mihi
926 1557 1050 1615 missum
1067 1555 1170 1615 habet:
1194 1556 1310 1628 idme,
1333 1557 1411 1616 unda
1434 1557 1478 1615 sic
1500 1556 1560 1615 cdi·

225 1664 275 1723 dit
296 1663 386 1721 etiam
410 1662 554 1731 Fodrctts',
579 1657 612 1718 0.
627 1659 654 1717 I.
668 1659 738 1717 Ital.
761 1678 789 1716 n.
807 1657 910 1729 2823,
940 1661 977 1732 cs.
997 1658 1139 1728 Endcris,
1163 1659 1304 1716 Formsnl.
1329 1661 1379 1717 der
1402 1659 1472 1719 Oclc.
1493 1658 1560 1736 Spr.

226 1765 341 1825 XLII.
358 1762 483 1833 XLIII,
498 1764 542 1821 11.
583 1761 694 1839 Ectypi
715 1763 876 1820 auctoritas
898 1762 1091 1819 confirmatur
1112 1760 1201 1819 etiam
1224 1760 1283 1819 alia
1304 1761 1498 1839 inscriptione
1520 1769 1561 1820 te-

226 1868 339 1947 gulas:
361 1864 447 1925 Det.
462 1864 517 1923 Trs
538 1863 683 1940 (Ilorsllr',
706 1862 785 1921 Mon.
809 1867 899 1940 epipr.
916 1863 1015 1939 Pomp.
1030 1862 1071 1933 X,
1089 1864 1135 1934 13,
1147 1864 1172 1921 b.
1191 1883 1224 1940 p.
1239 1865 1288 1922 12.
1331 1863 1475 1936 Momms,
1496 1866 1560 1923 Uot.

226 1970 318 2031 Diol.
341 1978 362 2027 t.
376 1967 418 2040 X,
432 1968 480 2037 28,
494 1965 533 2041 c),
554 1966 598 2025 ita
617 1965 704 2024 utin
726 1975 851 2042 unaque
874 1965 975 2042 tegula
999 1966 1065 2023 Tre.
1089 1984 1198 2025 nomen
1219 1965 1328 2042 gentile
1350 1966 1434 2042 figuli
1456 1967 1561 2025 Trebir's

227 2070 404 2151 significare
417 2068 563 2129 videatur.
595 2068 704 2145 Itaque
725 2068 824 2126 facere
840 2086 899 2125 non
922 2084 1092 2143 possumus,
1115 2069 1186 2145 quin
1209 2076 1377 2127 statuamus
1398 2077 1484 2126 notas
1506 2068 1562 2125 hoc

228 2192 344 2235 nomen
368 2170 580 2249 praecedentes
601 2170 653 2229 Vri.
677 2178 707 2227 st
726 2169 802 2228 Del.
824 2169 1047 2247 praenominum
1071 2187 1153 2241 esse,
1180 2171 1317 2246 quamvis
1344 2170 1374 2227 in
1397 2170 1464 2229 aliis
1494 2171 1563 2228 titu-

228 2276 270 2337 lis
287 2274 379 2337 Oscis
399 2292 459 2333 non
479 2273 669 2351 reperiantur
690 2272 887 2349 praenomina
902 2271 1039 2332 omuibus
1062 2273 1170 2331 litteris
1185 2273 1307 2348 scripta,
1329 2292 1405 2349 quac
1427 2291 1493 2331 com
1516 2273 1563 2330 his

227 2380 314 2441 notis
335 2386 511 2455 congruant.

230 2587 291 2651 ⁵5.
337 2586 501 2667 signaculo
521 2587 671 2663 impressa
691 2585 808 2663 tegulae
831 2585 968 2646 inventae
990 2586 1039 2644 die
1064 2587 1100 2644 17
1117 2586 1188 2644 Maii
1210 2607 1236 2645 a.
1256 2586 1349 2645 1870:

543 2758 613 2833 del(
627 2815 635 2832 .
650 2770 689 2876 te
704 2815 712 2832 .
730 2815 738 2830 .
756 2815 764 2832 .
951 2777 1097 2839 Decimus
1120 2779 1280 2839 Terentius
1293 2778 1334 2855 (l)

315 2974 368 3035 Ex
393 2973 568 3053 apographo
595 2972 632 3031 ab
655 2972 691 3030 E.
714 2971 817 3031 Brizio
844 2977 968 3049 accepto
994 2971 1088 3030 edidit
1110 2972 1251 3045 Ilrbretti,
1274 2973 1362 3030 Prim.
1386 2975 1481 3049 suppl.
1504 2986 1563 3034 ont.

172 3096 177 3103 “
224 3084 298 3141 s'scr.
320 3078 360 3137 It.
383 3076 502 3137 noos.
546 3074 629 3135 Nota
654 3074 858 3153 praenominis
885 3074 968 3151 figuli
990 3074 1064 3133 Dok.
1087 3075 1197 3133 collato
1219 3075 1365 3133 vocabulo
1389 3074 1470 3136 Osco
1498 3078 1564 3136 delc-

223 3180 419 3243 ..ουκ-1213
441 3177 609 3255 supplenda
631 3177 762 3236 videtur:
791 3176 979 3253 Delc(mu-s),
1005 3184 1036 3234 et
1061 3195 1127 3234 cum
1151 3195 1258 3235 nomen
1285 3178 1396 3255 gentile
1422 3180 1565 3239 Terentius

223 3284 312 3345 band
335 3300 407 3341 raro
429 3282 572 3358 scriptum
594 3280 634 3339 sit
653 3280 686 3338 in
699 3279 792 3338 titulis
808 3280 1020 3356 Pompeiorum
1035 3279 1154 3338 Latinis
1176 3277 1226 3354 (G.
1242 3281 1268 3338 Ι.
1282 3280 1351 3338 Lat.
1367 3282 1424 3351 IV,
1443 3302 1476 3357 p.
1491 3282 1564 3351 232,

162 3438 164 3443 .
221 3410 250 3451 ι.
275 3386 333 3465 2),
358 3384 497 3447 conicere
522 3382 593 3442 licet
618 3382 732 3441 litteras
757 3382 855 3440 Tc...
882 3382 913 3439 in
941 3381 1043 3458 tegula
1069 3400 1175 3439 nomen
1200 3380 1312 3441 Oscum
1334 3383 1492 3443 *Terentiis
1520 3386 1564 3442 in·

162 3508 164 3515 ·
219 3492 347 3551 dicam.

214 3702 281 3765 56.
335 3696 504 3775 signaculo
524 3696 674 3773 impressa
694 3695 826 3774 tegulae:

597 3880 621 3955 d
637 3892 677 3955 .l
996 3902 1141 3961 Decimus
1161 3901 1198 3960 T.

311 4098 474 4175 Ectypum
495 4094 577 4153 misit
596 4094 632 4153 R.
649 4091 795 4155 Schoene.
838 4093 888 4151 Ex
909 4093 1044 4153 eiusdem
1067 4095 1241 4172 apographo
1263 4094 1309 4153 ed.
1330 4095 1466 4166 sacrem,
1492 4095 1524 4154 C.
1542 4097 1565 4153 I.

200 4206 293 4271 ml.
315 4198 467 4271 28240.
509 4195 626 4257 Nomen
649 4196 731 4273 figuli
753 4196 930 4274 Pompeiani
952 4196 1080 4256 fueritne
1102 4198 1225 4270 Yreliis,
1248 4216 1288 4255 an
1307 4196 1479 4270 *Tarentum
1507 4218 1567 4256 non

197 4312 341 4389 liquet.

197 4438 1564 4465 ‘ffl—fflffl.

199 4522 276 4585 57.
335 4510 507 4591 Signsculo
527 4510 675 4588 impressa
695 4511 813 4589 tegulae
834 4511 974 4570 inventae
996 4512 1043 4571 die
1065 4513 1085 4570 4
1108 4509 1295 4589 Septembris
1317 4531 1344 4569 a.
1364 4512 1457 4571 1869:

600 4695 623 4770 d
639 4706 681 4769 .l
997 4719 1142 4779 Decimus
1165 4717 1202 4777 T.

312 4910 372 4971 Ex
397 4907 573 4989 apographo
593 4909 632 4968 ab
653 4908 690 4969 E.
712 4908 814 4969 Brisio
836 4909 931 4971 misso
953 4912 999 4971 ed.
1021 4912 1162 4985 Fabretti,
1186 4910 1275 4967 Prim.
1299 4909 1396 4988 suppl.
1418 4919 1477 4968 ont.
1502 4912 1567 4968 iser.

162 5048 172 5091 ι,
200 5018 298 5085 Jul.
326 5033 359 5075 s.
373 5010 449 5075 503.
