3720 5970
227 578 349 628 ser-ass
611 574 683 625 von
701 573 726 624 1.
759 574 1162 636 surrovrrrssnmnvu.
1482 559 1555 631 205

230 759 287 822 est,
312 768 390 809 nnus
412 758 547 808 remanet
557 767 664 808 censor
685 749 721 808 L.
737 749 878 808 Metellus
903 769 929 808 n.
954 748 1013 807 639
1035 750 1082 808 cni
1105 751 1178 807 baec
1199 750 1307 809 locatio
1329 753 1508 812 attribuatur
1519 754 1559 831 ¹).

226 853 351 914 Videtur
373 851 493 928 quidem
515 852 584 910 huic
605 852 724 910 obstare
746 871 927 928 praenomen
943 859 1115 930 patemnm3
1137 872 1206 912 nam
1227 857 1258 910 in
1281 854 1398 924 tabulis¹
1412 856 1557 920 censoriis

226 976 305 1036 quse
320 956 408 1015 hodie
424 965 610 1032 usurpantur
625 956 670 1014 sie
690 955 720 1013 id
737 955 894 1032 collegium
909 954 1105 1033 perscriptum
1116 955 1238 1032 legitur:
1266 975 1339 1015 cene.
1362 955 1400 1015 L.
1417 958 1558 1018 Caecilius

224 1061 295 1135 L.s.
306 1059 377 1130 mn.
390 1058 525 1117 Metellus
540 1057 728 1129 Delmaticae,
746 1057 795 1116 Cn.
812 1058 1012 1118 Domitiuan.
1022 1059 1051 1133 s.
1069 1059 1118 1120 Cb.
1128 1079 1156 1118 η.
1167 1057 1373 1119 Ahenobarbus
1388 1060 1406 1117 l.
1413 1059 1557 1136 s.LXII.

224 1166 266 1222 At
276 1163 359 1240 ipsos
378 1169 516 1220 auctores
533 1161 582 1219 ubi
596 1161 823 1239 perlustramus,
846 1160 956 1237 prioris
972 1162 1106 1220 censoris
1126 1181 1181 1221 nec
1194 1169 1279 1238 pater
1299 1180 1395 1238 neque
1410 1180 1557 1241 agnomen

224 1283 350 1342 nsquam
374 1261 593 1340 enuntiaturl).
638 1263 773 1322 Fuerunt
794 1270 891 1322 antem
921 1283 957 1322 eo
978 1275 1112 1340 tempore
1141 1265 1199 1322 duo
1225 1264 1260 1323 L.
1284 1262 1409 1324 Caecilii
1432 1265 1556 1338 Metelli,

224 1369 300 1428 alter
321 1367 357 1426 L.
383 1367 403 1424 s.
428 1365 466 1441 Q.
489 1385 518 1424 n.
541 1365 728 1424 Delmaticns
752 1384 811 1424 cos.
836 1366 911 1435 6³5,
940 1367 1015 1426 alter
1043 1366 1080 1441 Q.
1102 1366 1123 1424 f.
1152 1365 1190 1441 Q.
1214 1387 1242 1425 n.
1271 1365 1468 1428 Diadematus
1493 1387 1554 1428 cos.

227 1471 301 1541 6373
330 1488 384 1529 nec
413 1470 572 1546 quicquam
595 1470 702 1542 obstat,
724 1469 883 1546 quominus
906 1469 985 1528 bunc
1006 1470 1109 1546 potius
1139 1488 1228 1546 quam
1250 1469 1334 1528 illum
1350 1471 1556 1530 existimemus

225 1593 252 1632 a.
269 1571 328 1632 639
345 1590 497 1631 censorem
513 1571 623 1629 iactum
646 1589 723 1630 esse.
768 1571 837 1646 Quo
865 1572 997 1632 admisso
1019 1579 1099 1631 recte
1122 1573 1223 1630 omnia
1244 1573 1401 1650 quadrant.

308 1673 550 1752 orthographica
575 1674 644 1733 huic
672 1675 763 1733 aetati
792 1681 863 1750 apta
888 1682 972 1745 sunt;
1004 1694 1070 1732 nam
1106 1674 1267 1754 geminatio
1295 1675 1452 1749 vocalium,
1479 1694 1555 1752 quae

225 1777 373 1854 reperitur
400 1797 427 1836 v.
452 1777 470 1836 8
498 1777 529 1836 in
550 1777 758 1853 muunien[do]‚
785 1777 855 1835 item
882 1776 1010 1836 fortasse
1032 1795 1060 1835 v.
1084 1777 1101 1836 6
1124 1777 1155 1835 in
1178 1779 1353 1854 cognomine
1375 1779 1555 1854 quaestoris,

224 1883 252 1939 ei
286 1879 333 1938 vel
361 1881 491 1940 maxima
512 1880 634 1960 propria
659 1888 716 1952 est,
749 1896 844 1957 neque
867 1879 904 1938 ab
926 1899 964 1938 ea
984 1880 1125 1938 abhorret
1145 1880 1289 1958 aspiratio
1315 1881 1347 1939 in
1368 1879 1555 1941 Graecanico

224 1983 401 2062 cognomine
422 1983 574 2060 Pamphilo
596 2001 624 2040 v.
649 1983 677 2042 5.
700 1981 860 2042 Praeterea
881 1982 1044 2042 notandum
1068 2001 1096 2042 v.
1120 1983 1137 2040 ‘l
1162 1985 1271 2060 aspro
1293 2004 1321 2041 a.

223 2557 294 2618 998
315 2558 460 2618 Luceriae
483 2577 579 2635 nuper
592 2566 710 2634 reperta
731 2558 762 2616 in
782 2557 832 2616 via
846 2577 906 2634 qua
920 2557 1043 2634 Trojem
1064 2558 1123 2616 itur
1137 2558 1304 2620 n'Ansms.
1327 2558 1427 2619 Huius
1443 2562 1552 2640 lapidis

223 2661 342 2721 videndi
365 2679 456 2721 causa
478 2680 505 2720 a.
531 2660 610 2719 1873
633 2661 791 2719 Luceriam
813 2661 965 2737 profectus
988 2661 1049 2719 vidi
1072 2679 1149 2734 eum,
1174 2662 1226 2721 sed
1248 2663 1413 2723 coniectum
1435 2667 1466 2724 in
1486 2666 1554 2724 fun·

222 2765 361 2824 damenta
382 2763 489 2822 domus
513 2781 589 2840 qnae
620 2764 763 2840 angulum
790 2765 863 2823 facit
893 2764 972 2822 inter
1004 2765 1083 2822 viam
1110 2765 1211 2823 Bruuo
1243 2773 1273 2823 et
1300 2765 1398 2824 vicum
1428 2767 1552 2844 Perpola

161 2895 166 2902 ¹
221 2868 334 2945 scripta
355 2873 440 2943 parte
461 2866 573 2925 latente
600 2873 630 2924 et
656 2867 782 2943 sepulta.
825 2866 933 2942 ltaque
959 2866 1084 2927 ducibus
1114 2867 1329 2943 comitibusque
1361 2869 1436 2928 meis
1458 2869 1552 2930 Luce·

220 2971 292 3029 riuis
315 2987 381 3029 cnm
408 2969 439 3027 in
466 2989 498 3028 re
525 2969 674 3045 praesenti
704 2969 933 3045 exprobrassem
965 2970 1045 3044 quod
1071 2969 1301 3045 pulcherrimum
1328 2985 1551 3032 monumentum

219 3073 332 3132 infelici
358 3089 429 3131 casu
456 3078 560 3131 nostra
581 3079 676 3130 aetate
698 3071 736 3129 eb
758 3071 909 3130 oblivione
935 3089 1096 3151 resurgens
1118 3081 1177 3152 tam
1200 3073 1325 3133 barbare
1351 3074 1445 3150 proici
1470 3076 1552 3152 passi

218 3183 328 3248 essent,
356 3175 538 3236 crubuerunt
563 3180 593 3232 et
621 3181 784 3234 tacuerunt.
829 3172 908 3234 Sane
934 3194 995 3233 nou
1022 3175 1121 3234 verbis
1148 3176 1331 3253 paenitentia
1363 3177 1400 3234 iis
1434 3178 1552 3254 agenda

218 3287 274 3352 cst,
301 3278 356 3337 sed
381 3296 413 3335 re
441 3285 470 3334 et
498 3276 605 3348 iactis}
632 3277 712 3353 qnod
746 3278 772 3336 si
804 3296 864 3336 non
892 3277 1019 3349 iaciunt,
1056 3295 1111 3336 nos
1141 3278 1192 3336 nbi
1221 3277 1317 3336 adhuc
1343 3277 1551 3339 Vandalornm

220 3398 328 3440 nomen
351 3379 484 3439 adbiberi
507 3385 676 3450 consuerat,
698 3381 740 3438 ibi
762 3379 927 3438 Lucerinos
951 3379 1091 3458 deinceps
1113 3380 1344 3452 nominabimus,
1366 3383 1476 3460 quippe
1498 3384 1551 3459 qni

218 3484 362 3542 Italorum
377 3501 495 3554 nomen,
517 3499 578 3558 quo
593 3483 700 3542 merito
715 3482 890 3558 gloriantur,
913 3484 992 3560 turpi
1008 3483 1216 3559 antiquitatum
1232 3485 1397 3559 patriarum
1412 3485 1551 3544 socordia

218 3587 424 3645 dehonestent.

574 3770 605 3811 m
618 3782 624 3796 ·
639 3768 721 3812 noce
734 3783 740 3797 ·
754 3767 911 3814 novenum
926 3784 931 3797 ·
947 3768 1075 3814 srmcvs

579 3872 619 3913 us
632 3858 659 3915 tt
671 3872 696 3914 rs
707 3887 714 3900 ·
727 3871 885 3914 rvunumn
900 3873 1014 3914 neve·
1028 3872 1168 3914 cunuvsn

610 3973 789 4018 raorrcnsn
802 3989 809 4003 ·
822 3974 901 4016 uavs
913 3988 920 4002 ·
931 3974 1123 4018 runsursrm

574 4077 617 4120 sm
631 4092 637 4106 -
655 4075 728 4132 αγις
741 4092 747 4104 ·
761 4075 913 4120 aavorsv
924 4093 931 4106 ·
944 4077 1005 4120 nuc
1016 4093 1023 4106 ·
1035 4076 1124 4120 ruxrr
1139 4065 1246 4122 tttrvru

522 4185 534 4222 r
617 4180 688 4236 oyrs
700 4196 706 4207 ·
717 4177 818 4222 vocer
828 4194 835 4207 ·
847 4179 908 4224 rao
923 4193 929 4208 ·
942 4179 1153 4225 rovorcsron·
1168 4182 1203 4223 ur

615 4281 733 4325 nuuvrn
746 4298 752 4310 ·
764 4281 887 4326 rurscro
900 4295 906 4311 ·
919 4282 1020 4326 esron
1030 4298 1037 4312 ·
1048 4283 1130 4326 servs

615 4384 680 4428 unc
690 4371 717 4428 tt
732 4384 887 4427 sreusrvs
898 4398 905 4412 ·
918 4385 1020 4428 vocer
1034 4401 1041 4414 ·
1054 4384 1199 4429 moerere

842 4473 992 4530 tttcrron

217 4641 419 4650 ..-—-.——.

293 4806 316 4868 ¹)
336 4809 435 4860 Verum
462 4817 501 4858 est
527 4809 596 4874 apud
624 4809 756 4860 Valerium
775 4808 919 4860 Maximum
941 4811 965 4870 8,
987 4810 1012 4871 5,
1036 4812 1047 4858 1
1078 4811 1156 4860 etiarn
1181 4809 1255 4860 alteri
1282 4811 1313 4860 1..
1342 4809 1448 4860 Metello
1473 4809 1505 4871 Q.
1525 4811 1544 4860 i.

216 4900 315 4951 consuli
335 4915 359 4950 s.
380 4903 432 4952 612
453 4915 587 4953 censuram
607 4902 726 4952 adscribi.
764 4902 817 4954 Sed
837 4917 970 4952 censorum
995 4901 1132 4952 laterculus
1157 4917 1204 4967 per
1226 4901 1274 4952 bos
1293 4916 1373 4952 annos
1398 4902 1489 4966 plenus
1507 4909 1547 4952 eet

215 4993 359 5058 erravitque
379 4994 434 5044 sine
453 4993 532 5044 dubio
552 4993 594 5044 bic
614 5009 716 5060 quoqne
734 5001 762 5043 nt
780 4995 877 5059 passim
896 4995 923 5046 in
944 4995 1037 5045 talibus
1056 4993 1184 5044 Valerius.

291 5083 317 5146 2)
337 5083 370 5136 L.
394 5083 519 5137 Caecilius
540 5087 569 5147 (l.
588 5085 706 5137 domitius
725 5085 818 5148 codex)
838 5084 969 5138 Metellus.-
997 5088 1052 5137 Liv.
1077 5104 1117 5152 ep.
1138 5088 1181 5136 62.
1204 5082 1238 5135 L.
1261 5083 1401 5154 Caecilius:
1428 5086 1470 5135 lex
1490 5100 1544 5151 ugr.

214 5195 239 5227 v.
260 5181 303 5228 28.
314 5181 358 5230 86.
379 5181 421 5230 88.
441 5177 474 5228 L.
493 5177 625 5230 Metellus:
645 5181 736 5231 Cicero
755 5181 831 5229 Verr.
849 5179 868 5229 l.
890 5182 913 5242 1,
926 5179 968 5242 55,
992 5181 1057 5244 143;
1077 5195 1124 5244 pro
1139 5179 1293 5242 Cluent.42‚
1315 5179 1375 5230 119.
1395 5179 1544 5230 Cassiodor.

215 5271 248 5321 cd
267 5271 293 5320 b.
314 5287 337 5322 a.
357 5273 478 5323 Valerius
497 5271 629 5324 Maximus
651 5275 676 5335 2,
697 5273 722 5335 9,
743 5273 769 5323 9.
