3458 6292
198 496 245 565 28
786 497 934 557 idunan

182 595 1527 634 ,Μ’-*ῳ

194 692 276 748 mina
301 706 359 747 non
386 686 505 765 proprie
527 683 654 742 Latinae
676 681 813 739 videntur
838 681 932 739 fuisse
959 678 1084 755 originis
1106 678 1168 748 vel,
1195 685 1228 734 ut
1253 674 1425 734 accuratius
1448 674 1536 732 dica·

195 809 277 863 mus,
303 788 540 858 consuetudinis3
567 785 810 861 frequentissima
836 784 915 841 enim
943 799 1010 841 esse
1037 783 1067 840 in
1095 782 1184 840 certis
1211 777 1392 854 quibusdam
1418 775 1535 836 Italiae

193 893 309 953 mediae
330 890 472 969 partibus,
496 891 526 947 in
542 888 653 946 Piceno
675 887 862 964 potissimum
886 885 987 960 (cuius
1015 903 1125 942 nomen
1145 883 1244 959 ipsum
1263 881 1401 940 similiter
1416 880 1535 939 forma·

193 1004 255 1055 tum
278 994 341 1069 est)
368 992 599 1069 regionibusque
619 989 727 1047 vicinis
750 988 922 1047 observavit
941 985 1195 1060 Mommsenus1).
1239 982 1376 1041 Indicare
1399 1000 1534 1058 possum

194 1098 260 1157 eius
282 1097 395 1154 formae
416 1094 538 1152 uomina
560 1091 687 1151 ducenta
709 1091 776 1167 plus
800 1090 911 1159 minus,
938 1087 1100 1146 maximam
1122 1094 1237 1165 partem
1259 1106 1297 1144 ex
1319 1084 1535 1164 inscriptioni·

193 1202 251 1259 bus
272 1198 427 1277 regionum
450 1215 552 1254 earum
575 1212 650 1271 quas
672 1193 745 1252 dixi.

279 1300 368 1360 Certo
389 1297 531 1357 Latinum
558 1305 605 1355 est
630 1296 770 1355 suffixum
799 1302 852 1365 an,
880 1293 961 1369 quod
987 1294 1124 1369 componi
1147 1292 1225 1350 solet
1246 1301 1307 1350 tam
1329 1308 1395 1349 eum
1419 1289 1534 1349 radici·

194 1405 251 1465 bus
278 1423 294 1461 e
320 1402 429 1478 quibus
451 1399 596 1458 vocabula
622 1399 652 1456 iu
674 1418 694 1456 a
716 1398 779 1455 sive
801 1396 914 1473 primae
937 1394 1146 1454 declinationis
1168 1396 1297 1454 formata
1318 1401 1405 1463 sunt,
1435 1406 1473 1452 ut
1495 1392 1535 1452 sb

197 1505 295 1566 insula
321 1503 412 1562 fiebat
437 1503 601 1574 insulanus,
628 1519 647 1558 a
667 1501 785 1560 decuma
807 1500 992 1570 decumanus,
1020 1515 1110 1573 quem
1137 1516 1203 1583 cum
1228 1496 1381 1554 radicibus
1402 1495 1436 1553 in
1458 1513 1535 1554 con·

197 1616 339 1668 sonantes
362 1606 533 1663 terminatas
555 1603 659 1661 autin
682 1622 697 1660 o
720 1600 880 1661 secundum
902 1600 1018 1659 tertiam
1041 1600 1225 1676 alteramque
1247 1597 1476 1669 declinationes,
1500 1607 1535 1657 ut

196 1731 216 1768 a
229 1714 312 1787 sonte
326 1710 478 1783 fontanus,
500 1707 537 1766 ab
560 1707 666 1782 oppido
688 1705 861 1781 oppidanae,
883 1721 902 1760 a
916 1703 1032 1760 castello
1047 1702 1221 1761 castellanus
1242 1701 1416 1759 factasunt.
1453 1699 1534 1760 Fre·

197 1811 427 1889 (scientissimum
454 1816 500 1867 est
525 1807 555 1864 in
582 1806 738 1865 adiectivis
765 1824 841 1882 quae
865 1806 995 1864 breviter
1021 1805 1146 1863 dicimus
1173 1803 1314 1875 ethnicis,
1342 1801 1394 1861 sed
1421 1802 1534 1863 eadem

197 1922 286 1991 atque
306 1914 337 1971 in
358 1912 484 1988 reliquis
504 1909 610 1968 formis
632 1908 768 1967 libertate
790 1915 980 1985 usurpatum
1001 1926 1070 1965 nam
1093 1914 1125 1965 ut
1146 1925 1165 1965 a
1185 1906 1278 1965 Roma
1299 1906 1466 1977 Romanus,
1491 1905 1536 1965 its

197 2036 216 2075 a
238 2015 359 2075 Tusculo
384 2012 561 2073 fltseulanue
584 2011 745 2070 derivatur.
789 2009 860 2069 Nou
886 2009 1026 2085 frequens
1053 2017 1100 2068 est
1124 2011 1156 2068 in
1179 2009 1302 2068 vetustis
1328 2008 1454 2071 deorum
1478 2026 1534 2067 no-

198 2119 337 2189 minibus,
359 2116 452 2175 veluti
473 2116 504 2173 in
519 2114 620 2172 Diana
636 2113 752 2189 [lanus]
769 2112 906 2173 Siluanus
921 2111 1093 2172 Summanus
1109 2110 1260 2184 Volcanus,
1282 2112 1352 2197 item
1374 2111 1406 2170 iu
1425 2129 1535 2171 recen·

197 2221 322 2281 tioribus
349 2218 639 2295 indigitamentorum
665 2215 716 2292 qui
743 2215 880 2274 dicuntur
902 2215 1082 2274 Aesculanus
1106 2213 1232 2272 slbtanus
1257 2214 1415 2290 Vapitanus
1437 2213 1535 2272 Rae·

198 2336 283 2384 stane
304 2321 474 2393 Petelinum
502 2319 702 2396 frequentius,
728 2327 762 2376 ut
785 2318 1005 2397 expectaveris,
1031 2317 1063 2375 in
1084 2317 1217 2375 locorum
1239 2315 1423 2387 nominibus,
1450 2333 1536 2391 quae

196 2445 255 2484 non
281 2444 349 2484 raro
377 2422 539 2482 secundum
566 2422 782 2481 adiectivorum
809 2420 979 2499 analogiam
1003 2421 1178 2492 formantur,
1205 2419 1297 2478 veluti
1319 2427 1388 2476 sunt
1413 2416 1537 2477 Cluana

197 2530 308 2587 Henna
336 2526 461 2584 Novana
489 2525 627 2583 Numana
661 2525 794 2595 Urbana,
825 2523 983 2582 Aeclanum
1012 2523 1166 2580 Anxanum
1193 2521 1357 2578 Bovianum
1385 2521 1537 2580 lucanum

196 2630 351 2689 Pallanum
373 2627 496 2686 Teanum
515 2626 683 2701 Tepianum;
706 2625 851 2684 accedunt
872 2635 987 2683 montes
1012 2623 1166 2699 Garpanus
1187 2623 1354 2692 Vaticanus,
1376 2622 1535 2683 Pantanus

196 2732 294 2804 lacus,
321 2731 431 2788 flumen
454 2729 617 2788 Venenum.
661 2725 815 2785 Pertinent
840 2728 899 2785 hue
920 2729 1010 2785 etiarn
1033 2726 1158 2785 ‚Semoni
1179 2744 1218 2783 ex
1240 2724 1437 2783 Reatinorum
1461 2744 1535 2784 vere

197 2851 283 2892 sacro
305 2832 364 2891 orti
385 2839 461 2890 teste
484 2830 581 2889 Paulo
604 2829 689 2888 Festi
712 2849 739 2906 p.
757 2828 827 2900 321,
849 2847 976 2905 quorum
999 2847 1107 2887 nomen
1130 2826 1168 2885 ad
1191 2825 1416 2886 similitudinem
1445 2825 1537 2886 Cant·

193 2954 292 3011 panus
315 2933 453 2991 Lucanus
475 2932 629 2990 nominum
650 2931 809 2990 formatum
831 2949 899 2990 esse
920 2940 1011 3009 patet.

281 3037 341 3094 Per
363 3044 401 3093 an
428 3034 576 3094 suffixum
597 3036 788 3093 coniunctum
816 3052 883 3091 cum
908 3039 953 3092 ius
980 3032 1201 3109 gentiliciorum
1229 3032 1368 3091 sollemni
1390 3033 1536 3093 similiter

199 3149 287 3217 atque
309 3156 362 3216 per
384 3148 435 3208 dn,
458 3146 506 3207 en,
528 3147 559 3194 tn
585 3146 615 3196 et
635 3137 767 3195 fortasse
793 3137 882 3196 etiam
903 3145 1015 3211 perun
1037 3136 1160 3193 uomina
1179 3134 1332 3211 gentilicia
1353 3135 1450 3193 multa
1471 3135 1535 3194 for·

198 3251 279 3300 mata
300 3249 369 3299 sunt
390 3240 422 3298 in
444 3243 528 3299 anius
551 3244 634 3298 onius
655 3243 734 3299 euius
757 3243 832 3298 inias
847 3236 888 3314 ²),
912 3238 1003 3297 veluti
1021 3237 1167 3313 Geqanius
1182 3236 1367 3312 Serapranias
1381 3237 1536 3297 Ducenius

205 3345 350 3414 Vatinius,
373 3356 442 3401 rara
467 3341 497 3399 in
526 3345 625 3413 anius,
655 3342 736 3400 velut
758 3341 901 3417 Seponius
925 3339 1088 3416 Sepunnius
1110 3348 1139 3397 et
1161 3338 1272 3397 similia
1293 3337 1450 3415 quaedam.
1494 3339 1535 3399 Iu

200 3446 413 3506 adiectivorum
435 3461 554 3520 quoque
575 3440 752 3502 formatione
775 3454 812 3502 an
828 3455 865 3501 on
880 3454 913 3502 en
928 3453 958 3501 in
980 3442 1090 3502 suffixa
1111 3441 1185 3499 satis
1206 3440 1375 3516 frequentia
1389 3450 1471 3512 suut,
1492 3451 1536 3500 un

197 3569 315 3622 rarum,
343 3555 375 3605 ut
400 3547 432 3605 in
452 3551 638 3623 importunus·
651 3557 820 3623 oportunum
849 3564 918 3604 rura
939 3546 1027 3604 etism
1047 3544 1170 3603 deorum
1192 3544 1314 3602 nomina
1334 3562 1388 3619 per
1408 3552 1448 3600 un
1470 3543 1535 3603 suf·

190 3654 292 3712 lixum
313 3649 452 3720 formata,
476 3648 567 3707 veluti
583 3648 733 3725 Neptunus
756 3649 901 3707 Portunus
917 3648 1055 3706 Matrinus
1074 3647 1200 3704 Tutunus
1224 3646 1342 3705 Vesana
1365 3644 1479 3704 Vestina
1500 3656 1534 3705 et

199 3753 380 3816 Sabinorum
395 3750 544 3822 Albinea3
566 3769 635 3809 nam
657 3752 688 3809 in
710 3752 842 3811 Fortuna
864 3750 1061 3826 antiquiorem
1081 3749 1210 3807 Fortuna
1231 3750 1355 3808 formam
1378 3749 1534 3822 novimus,

200 3856 327 3917 similem
351 3853 520 3912 nominibus
542 3853 713 3930 Anqeronae
738 3854 869 3914 Orbonae
890 3852 1043 3910 Pononae.
1085 3851 1122 3909 ln
1143 3851 1276 3910 locorum
1299 3849 1469 3910 nominibus
1490 3871 1534 3910 un

199 3959 316 4018 videtur
330 3958 453 4029 deesse3
476 3975 545 4015 nam
560 3957 702 4017 Belunum
718 3956 838 4017 Cerauni
856 3955 991 4015 Virunum
1006 3955 1134 4014 barbara
1149 3960 1227 4012 sunt.
1265 3952 1431 4012 Commune
1453 3953 1532 4013 illud

198 4062 308 4121 habent
329 4059 450 4119 nomina
471 4059 502 4117 in
525 4063 610 4117 anius
631 4063 713 4117 onius
736 4062 814 4117 enias
840 4062 915 4116 inias
938 4055 1012 4131 (non
1034 4059 1065 4115 in
1086 4055 1201 4132 unius),
1223 4056 1304 4133 quod
1325 4074 1477 4133 nusquam
1498 4056 1533 4115 iu

198 4165 236 4224 iis
263 4183 283 4221 n
302 4162 401 4221 littera
427 4161 578 4238 geminata
603 4169 658 4218 est.
701 4160 781 4220 Nam
808 4178 885 4236 quae
910 4167 1015 4218 extant
1035 4159 1066 4218 ln
1087 4161 1185 4218 ennius
1207 4158 1329 4217 nomina
1350 4175 1410 4216 nou
1432 4176 1533 4234 pauca

198 4266 304 4343 (veluti
326 4265 489 4324 Herennius
511 4263 697 4339 Pescennius)
719 4264 799 4321 etin
821 4265 917 4322 innius
936 4279 1088 4339 perpauca
1110 4259 1216 4334 (veluti
1235 4257 1404 4335 Avianius),
1426 4279 1464 4317 eu
1485 4260 1531 4318 di·

198 4387 302 4428 versae
324 4367 448 4447 originis
471 4366 604 4444 putanda
625 4373 695 4425 sunt
715 4373 745 4424 et
765 4364 893 4424 fortasse
916 4362 1122 4441 componenda
1143 4381 1209 4421 cum
1226 4362 1392 4421 terminatis
1408 4361 1439 4418 in
1454 4381 1532 4420 enne

199 4482 229 4530 et
249 4475 333 4542 inna;
355 4472 385 4531 in
408 4475 512 4530 annius
534 4479 633 4529 autem
656 4476 685 4526 et
706 4471 808 4526 ennius
829 4466 956 4525 formata
976 4465 1059 4525 nulla
1074 4465 1201 4524 fuerunt.
1238 4464 1343 4539 Itaque
1363 4463 1531 4524 Turannius

200 4596 253 4655 pro
279 4577 440 4635 Turranius
467 4582 497 4632 et
516 4572 676 4631 Verennius
701 4588 756 4647 pro
778 4570 918 4629 Veranius
944 4569 1071 4640 formae,
1098 4584 1172 4643 quas
1195 4567 1324 4625 editores
1347 4566 1530 4644 scriptorum

200 4689 333 4738 veteram
354 4677 451 4737 adhuc
473 4676 601 4735 tolerare
622 4671 731 4746 solent,
753 4672 873 4730 omnino
895 4670 1092 4730 removendae
1114 4678 1193 4728 sunt.
1232 4669 1259 4728 V
1258 4672 1392 4727 erannius
1413 4667 1532 4728 formae

279 4928 302 4991 ¹)
329 4929 361 4979 In
379 4927 446 4977 libro
466 4927 499 4977 de
517 4926 633 4978 dialectis
652 4926 743 4975 ltaliae
762 4924 891 4975 inferioris
909 4939 935 4988 p.
951 4923 1003 4974 362
1023 4923 1083 4972 adn.
1098 4922 1128 4980 8;
1153 4921 1185 4971 cf.
1205 4935 1271 4986 quae
1290 4921 1427 4970 Henzenus
1446 4920 1531 4971 adno-

202 5024 265 5075 tavit
284 5021 317 5071 ad
335 5019 471 5085 Borghesii
489 5034 570 5084 opera
589 5021 602 5068 l
624 5035 649 5084 p.
665 5018 717 5068 246
736 5024 762 5067 et
781 5018 798 5068 4
816 5033 841 5081 p.
857 5016 919 5066 318.

277 5110 301 5176 ²)
330 5113 391 5166 Seio
409 5113 487 5162 etiam
506 5113 533 5162 iu
551 5112 620 5161 inias
637 5111 724 5172 fuisse,
744 5117 772 5159 ut
788 5106 913 5160 Cominius
933 5105 1074 5158 Flaminius
1093 5103 1229 5157 Stertinius
1246 5102 1355 5155 Volsinii
1360 5123 1366 5167 3
1390 5104 1436 5154 sed
1455 5103 1524 5157 hauc

200 5206 339 5273 prosodias
356 5205 528 5257 differentiam
547 5219 614 5254 nunc
633 5218 686 5253 uon
704 5217 774 5254 curo.
