3458 6292
228 486 274 580 96
837 505 941 556 rossi

225 679 304 754 pidis
327 696 430 753 nrargo
453 679 494 735 ita
516 689 561 735 est
581 677 743 750 diffractos,
766 686 798 735 ut
819 678 935 735 litterae
958 676 1077 751 quidem
1101 676 1251 751 perierint,
1278 675 1385 750 planae
1409 693 1479 729 vero
1502 693 1553 730 su-

225 780 355 855 perficiei
371 781 500 856 vestigia
519 790 695 856 appareant3
718 790 748 838 et
763 780 813 837 vix
836 781 925 853 unius
948 797 1038 854 supra
1053 797 1172 836 versum
1189 776 1207 834 2
1226 777 1342 834 litterae
1364 776 1552 834 altitudinem

225 882 263 938 ad
286 900 432 940 summum
454 864 584 958 lapidem
612 883 781 961 pertingere
802 883 938 940 dimensa
960 881 1059 957 spatia
1080 880 1292 938 demonstrent.
1337 878 1451 936 Versus
1474 879 1553 935 tertii

224 984 309 1042 initio
331 985 429 1061 prima
450 985 548 1042 littera
570 984 591 1059 (1
615 985 662 1042 vel
685 1001 703 1040 τ
727 985 774 1042 rel
797 984 826 1059 r)
850 1003 868 1040 a
888 983 998 1058 lapidis
1021 993 1155 1040 extremo
1177 982 1310 1060 margine
1332 983 1375 1040 ita
1396 981 1497 1051 distat,
1520 987 1554 1036 ut

225 1087 263 1143 ad
287 1089 417 1165 rigorem
446 1088 595 1146 subiectae
623 1088 767 1144 fastorum
795 1086 948 1144 columnae
977 1086 1017 1144 sit
1042 1085 1197 1143 collocata.
1240 1085 1277 1141 Id
1299 1083 1371 1142 mihi
1398 1103 1458 1142 nou
1486 1084 1553 1140 lese

223 1189 364 1248 indicium
388 1191 504 1247 videtur
525 1189 786 1266 praescriptionem
809 1189 955 1246 fastorum
983 1203 1074 1263 supra
1100 1186 1198 1264 ipsam
1221 1187 1298 1244 hanc
1319 1186 1485 1244 columnam
1509 1186 1553 1243 in·

224 1292 332 1367 cipere.
376 1290 518 1350 Universi
540 1292 699 1349 latinarum
722 1291 794 1349 fasti
815 1289 907 1367 lapidi
929 1289 1015 1347 incisi
1044 1308 1114 1346 num
1138 1308 1156 1346 a
1178 1297 1311 1366 tempore
1333 1288 1553 1347 decemviratus

224 1393 343 1452 demum
370 1394 548 1469 inceperint,
581 1395 638 1452 hoc
667 1412 726 1451 uno
758 1411 817 1451 non
850 1393 947 1449 ausim
980 1391 1090 1449 indicio
1118 1391 1250 1449 delinire.
1297 1390 1334 1448 Id
1361 1400 1441 1449 certe
1466 1409 1553 1466 prae·

225 1498 346 1571 scriptio
368 1496 507 1566 docebat,
537 1496 621 1554 cuius
647 1495 796 1573 prolixum
819 1502 935 1552 textum
957 1493 1049 1551 fuisse
1071 1513 1087 1552 e
1111 1493 1323 1568 superstitibus
1344 1513 1372 1550 v.
1397 1493 1414 1551 2
1441 1493 1552 1551 litteris

225 1615 346 1655 ...rva
367 1614 470 1656 avrea
492 1600 566 1657 satis
588 1598 779 1674 intelligitur:
808 1614 903 1672 eaque
925 1596 996 1670 quid
1019 1596 1144 1654 subiecti
1171 1596 1243 1654 fasti
1270 1596 1456 1654 continerent
1482 1614 1553 1653 esse

223 1700 403 1775 explicatum
430 1721 457 1758 v.
481 1701 497 1758 3
526 1700 688 1758 verba
712 1715 802 1757 inens
825 1713 974 1756 scnisrvro
1001 1698 1159 1756 manifesto
1186 1698 1328 1757 indicant.
1373 1696 1436 1758 Sub
1464 1717 1553 1775 prae·

223 1803 384 1879 scriptione
404 1801 475 1860 fasti
497 1803 528 1860 in
551 1803 704 1861 columnas
727 1801 879 1858 distributi
900 1801 1073 1877 procedunt.

307 1903 404 1962 (loll
424 1924 452 1961 v.
469 1906 496 1962 5.
533 1903 714 1962 Litterarum
737 1920 838 1960 ...va
862 1902 912 1959 vix
934 1921 1051 1960 summa
1072 1911 1102 1960 et
1123 1903 1255 1974 minima,
1280 1924 1316 1962 ea
1337 1913 1436 1962 tamen
1457 1915 1553 1975 certa,

223 2007 350 2085 vestigia
372 2007 568 2082 deprehendi:
591 2025 668 2082 quae
690 2024 756 2063 cum
779 2004 921 2062 historiae
943 2022 1085 2062 romanae
1106 2005 1263 2064 annalibus
1285 2005 1404 2082 egregie
1426 2024 1553 2064 concor·

223 2109 303 2165 dant.
347 2107 425 2165 Nam
448 2108 645 2167 decemvirum
669 2117 765 2165 aetate
792 2109 858 2164 idus
880 2106 979 2163 Maiae
1004 2106 1151 2164 sollennes
1178 2109 1309 2177 ineundis
1335 2109 1553 2183 magistratibus

223 2220 305 2268 erant
331 2209 419 2284 (Liv.
434 2210 493 2281 111,
517 2210 570 2280 363
598 2211 635 2268 cf.
658 2211 823 2268 Mommsen
846 2209 882 2266 R.
908 2208 1011 2267 Clroa.
1033 2229 1063 2285 p.
1080 2209 1117 2266 91
1142 2208 1187 2267 ed.
1205 2208 1257 2284 2):
1287 2229 1354 2268 vere
1376 2210 1468 2286 igitur
1491 2228 1553 2266 non

223 2323 291 2370 ante
306 2313 425 2370 Iunium
445 2313 562 2370 circiter
575 2331 708 2371 mensem
724 2331 743 2369 a
756 2311 842 2369 novis
863 2311 1098 2385 magistratibus,
1121 2329 1247 2387 quorum
1270 2310 1301 2368 id
1322 2311 1453 2369 officium
1477 2322 1553 2382 emt,

222 2414 368 2472 celebrari
400 2423 464 2472 tum
498 2414 609 2473 latinae
641 2421 808 2490 potuerunt.
857 2410 1040 2490 Fragmenta
1065 2432 1208 2471 annorum
1236 2413 1410 2478 5367554
1438 2414 1554 2473 latinas

221 2517 322 2594 Aprili
344 2516 393 2574 vel
414 2517 494 2574 Maio
516 2518 577 2575 fere
599 2527 770 2575 constanter
793 2514 965 2590 adsignant:
988 2515 1026 2572 iis
1048 2516 1134 2574 aunis
1157 2516 1255 2575 idibus
1270 2516 1386 2574 Martiis
1410 2517 1554 2575 consules

221 2620 428 2695 magistratum
451 2619 567 2677 inibant
587 2619 783 2694 (Mommsen,
806 2620 826 2676 l.
843 2635 867 2673 c.
891 2635 919 2691 p.
937 2616 986 2690 97,
1008 2616 1072 2694 98).
1115 2617 1202 2676 Hanc
1223 2619 1364 2677 feriarum
1387 2619 1553 2676 latinarum

220 2741 287 2779 curn
310 2738 499 2780 romanorum
523 2721 751 2798 magistratuum
775 2721 933 2781 annalibus
956 2721 1145 2781 concordiam
1168 2739 1195 2778 v.
1215 2721 1249 2778 ll
1274 2720 1385 2798 insigni
1407 2721 1553 2797 exemplo

220 2825 382 2881 confirmat

305 2926 340 2983 V.
358 2927 386 2984 7.
431 2923 626 2985 Sollemnium
649 2935 786 2984 notarum
810 2942 895 2984 Μ·
919 2927 1044 3002 (latinae
1063 2924 1201 3002 suerunt)
1230 2925 1326 2982 altera
1347 2924 1551 2996 desideratur;

221 3028 309 3085 unico
324 3029 354 3085 in
370 3027 416 3085 his
432 3026 529 3099 fastis,
542 3037 683 3105 quantum
699 3028 736 3085 ad
752 3029 828 3087 hanc
843 3028 921 3086 diem
936 3029 1085 3100 novimus,
1101 3027 1239 3102 exemplo
1251 3027 1290 3103 ¹).
1320 3026 1357 3086 In
1371 3028 1553 3105 fragmento,

221 3130 301 3204 quod
323 3129 483 3189 Henzenus
509 3130 603 3189 edidit
622 3130 642 3189 l.
658 3149 682 3189 c.
706 3151 734 3207 p.
754 3129 821 3203 132,
843 3132 872 3204 4,
899 3133 962 3189 v.4
983 3132 1083 3190 littera
1104 3147 1120 3189 r
1142 3129 1219 3188 haud
1247 3130 1359 3189 omissa
1381 3149 1399 3187 a
1420 3130 1554 3206 lapicida

189 3199 275 3301 lest,
298 3232 350 3290 sed
372 3233 469 3309 periit.
1281 3229 1284 3233 ’

304 3335 341 3391 V.
358 3333 386 3391 8.
429 3336 598 3410 Antequam
620 3334 817 3412 fragmentum
843 3336 856 3391 l
882 3346 962 3394 esset
988 3344 1137 3412 repertum
1165 3342 1194 3391 et
1216 3335 1233 3391 3
1257 3353 1312 3393 suo
1338 3335 1407 3394 loco
1428 3337 1553 3394 restitu-

220 3445 293 3506 tum,
316 3454 391 3511 quae
413 3437 444 3493 in
467 3455 584 3494 summa
603 3438 734 3495 fractura
754 3438 863 3513 lapidis
880 3439 896 3496 3
914 3447 1091 3515 supererant
1109 3437 1221 3512 exigua
1241 3437 1407 3496 litterarum
1424 3437 1553 3513 vestigia

219 3537 355 3596 Henzeni
382 3537 532 3614 ingenium
556 3540 642 3596 valde
669 3549 828 3598 torserunt.
872 3541 1061 3598 Burmannus
1089 3539 1209 3615 quidem
1235 3541 1266 3598 in
1295 3541 1362 3616 ipso
1385 3552 1487 3598 monte
1510 3540 1552 3596 al·

219 3640 296 3698 bano
325 3659 362 3697 aa
390 3648 470 3698 recte
491 3640 710 3717 descripserat:
737 3642 775 3699 iis
799 3661 869 3699 vero
897 3642 1006 3700 idonea
1032 3642 1240 3718 supplementa
1267 3643 1350 3701 nulla
1372 3642 1552 3700 videbantur

219 3760 310 3817 posse
333 3741 475 3800 adhiberi.
513 3743 562 3801 Ab
583 3742 727 3802 Henzeno
753 3752 877 3822 rogatus
904 3744 1033 3821 lapidem
1060 3761 1116 3820 ego
1143 3745 1262 3821 inspexi
1284 3744 1412 3803 Romam
1442 3744 1552 3822 adpor-

218 3853 323 3903 tatum.
361 3844 537 3903 Extremum
559 3847 701 3921 angulum
723 3847 766 3904 ita
787 3846 928 3904 detritum
949 3847 1026 3916 vidi,
1050 3853 1083 3903 ut
1104 3865 1140 3904 eo
1162 3845 1229 3904 loco
1252 3846 1351 3922 potius
1374 3879 1394 3904 n
1415 3865 1506 3923 quam
1529 3863 1551 3904 Ν

220 3957 391 4022 appareret:
415 3965 474 4021 quo
496 3947 606 4005 facturn
630 3957 676 4006 est
691 3956 723 4004 ut
738 3947 900 4007 Henzenus
915 3949 1098 4025 suppleverit
1113 3949 1262 4007 cousulant
1278 3958 1429 4008 rotestate.
1461 3947 1552 4007 Nune

219 4049 358 4124 quamvis
380 4049 479 4124 lapide
501 4048 654 4124 deperdito
677 4069 713 4108 ea
734 4051 862 4126 vestigia
883 4061 1031 4127 nequeant
1052 4050 1157 4108 iterato
1180 4051 1287 4109 subiici
1308 4051 1457 4122 examini,
1485 4051 1551 4109 nul·

219 4151 279 4209 lum
307 4150 455 4225 reliquum
482 4151 603 4208 dubium
632 4161 692 4223 est,
725 4153 797 4227 quin
825 4152 988 4210 Bormanni
1014 4153 1102 4211 lectio
1131 4153 1287 4212 verissima
1314 4152 1363 4212 sit.
1405 4153 1443 4211 Id
1469 4152 1551 4211 clare

218 4252 324 4310 docent
345 4252 510 4328 fragmenta
532 4261 600 4327 apte
623 4255 790 4330 composita
815 4265 844 4312 et
870 4255 965 4330 ipsius
992 4255 1100 4332 lapidis
1126 4267 1265 4331 ectypum
1289 4255 1349 4312 uda
1373 4256 1478 4314 charta
1500 4275 1552 4314 ex·

218 4373 355 4429 pressum
378 4355 408 4411 in
430 4362 530 4412 monte
556 4355 678 4427 albano,
701 4365 859 4431 autequam
881 4356 964 4431 longi
987 4357 1100 4415 itineris
1121 4358 1224 4415 attritu
1248 4358 1426 4432 superstites
1449 4359 1552 4434 apices

218 4457 324 4514 faciem
347 4467 505 4515 mutarent.

301 4557 443 4616 Lectione
458 4562 619 4618 constituta
641 4579 700 4618 non
715 4561 874 4619 mediocris
897 4562 983 4637 pretii
1005 4562 1104 4620 locum
1125 4579 1218 4638 pergo
1233 4563 1394 4621 illustrare.
1429 4563 1471 4621 Μ.
1488 4563 1552 4622 Ηο·

219 4661 294 4717 ratio
317 4661 448 4719 Barbato
471 4662 587 4721 consuli
613 4683 639 4720 a.
665 4665 723 4720 305
752 4663 862 4740 duplex
885 4664 950 4720 lreic
971 4682 1134 4738 cognomen
1157 4666 1353 4736 adscribitur3
1380 4665 1549 4724 litterarum

218 4762 296 4819 enim
326 4764 454 4840 vestigia
480 4764 625 4837 .....1n‚
655 4766 717 4823 sive
744 4766 798 4824 illa
825 4765 963 4824 .-..nnla
993 4767 1056 4824 sive
1079 4765 1235 4824 ...ania
1266 4768 1480 4844 suppleamus,
1509 4767 1550 4827 nil

220 4897 421 4908 ἡὴ...-

296 5002 318 5063 ¹)
345 5002 384 5065 [si
405 5007 468 5069 quid
487 5008 575 5067 rideo,
596 5008 622 5056 in
642 5008 725 5056 feriali
744 5008 806 5057 fuit:
827 5005 918 5057 Xuiris
936 5007 1047 5073 quiMua
1065 5007 1220 5071 scribeJndis
1238 5007 1373 5072 Llatiuce)
1394 5028 1445 5062 aon
1462 5012 1542 5076 Μαι·

217 5094 310 5155 ruam.
348 5098 453 5148 Scilicet
472 5100 559 5147 alteris
578 5100 668 5148 Xviris
688 5108 775 5164 utpote
794 5102 894 5150 iniustis
914 5100 963 5149 hoc
982 5116 1083 5165 quoque
1102 5102 1308 5167 exprobrabatur
1325 5104 1407 5156 ferias
1431 5104 1542 5171 publicas

218 5202 263 5236 eos
282 5204 334 5238 non
353 5189 452 5240 fecisse.
492 5191 608 5254 Tn.M.]
