3458 6292
290 470 362 541 ‘208
696 490 777 538 unu.
807 490 820 538 1
848 489 1205 549 aurruvrssnrnnvu.
1497 493 1614 541 ree-aee

697 591 1615 602 *mm——

289 665 339 722 De
361 665 454 721 multa
469 673 568 722 autem
590 684 667 740 quae
683 665 821 741 leguntur
836 665 865 720 in
888 664 974 721 titulo
990 663 1146 734 Lucerino,
1169 682 1205 720 ea
1219 661 1256 720 ad
1273 664 1395 721 uerbum
1418 662 1478 720 sere
1493 665 1620 722 redeunt

288 767 319 823 in
342 766 407 844 lege
430 765 574 824 Bantina:
604 772 644 824 sei
666 771 730 842 quis
752 787 825 842 neap.
848 767 965 825 naellam
985 772 1119 841 inrepere
1139 766 1214 823 volet
1229 808 1235 823 .
1252 807 1259 822 .
1276 807 1308 822 ..
1333 765 1428 837 liceto,
1452 772 1480 823 et
1498 767 1618 824 omnino

290 868 449 927 sollemnia
470 868 543 926 hacc
565 869 687 927 fuerunt
708 877 738 927 et
764 867 1160 945 quodammodotralaticia.
1198 900 1238 910 -
1291 865 1339 926 De
1365 866 1473 926 iudicio
1501 869 1618 945 privato

289 990 365 1046 qnae
395 983 538 1029 caventur
570 982 603 1029 ut
632 975 734 1048 magni
761 973 902 1031 momenti
925 979 996 1031 sunt
1017 979 1139 1049 propter
1166 969 1292 1029 actionis
1316 982 1452 1029 naturam
1482 977 1619 1029 accurate

290 1074 529 1146 determinatam,
560 1075 603 1131 ita
630 1094 692 1133 rem
720 1075 806 1135 facile
833 1075 1024 1151 assequimur
1049 1074 1161 1132 collata
1185 1073 1315 1132 formula
1336 1074 1493 1134 notissima
1514 1093 1620 1134 manus

290 1176 459 1234 iniectionis
483 1178 629 1235 adversus
651 1177 811 1236 iudicatum
833 1177 929 1235 relata
943 1195 982 1234 ex
995 1174 1060 1233 XII
1082 1175 1251 1235 tabularum
1272 1177 1518 1254 interpretatione
1541 1176 1620 1253 apud

293 1277 401 1336 Gaium
425 1279 454 1347 4,
471 1278 524 1335 21:
553 1281 629 1358 quod
651 1289 680 1337 tu
701 1281 770 1337 urite·
798 1258 942 1338 iudicatae
970 1281 1031 1337 aive
1056 1280 1207 1336 damnatae
1236 1296 1264 1336 ee
1292 1283 1450 1337 sestertium
1476 1279 1511 1335 X
1529 1278 1620 1348 milia,

292 1381 406 1457 qaeende
434 1380 510 1456 [eei]
540 1401 595 1439 non
617 1382 736 1453 solvisti,
760 1382 793 1440 eb
816 1401 877 1439 eum
897 1400 953 1441 rem
981 1400 1030 1458 equ
1057 1381 1109 1438 tibi
1129 1383 1284 1440 sestertium
1311 1380 1346 1437 X
1368 1381 1477 1440 milium
1502 1382 1622 1439 iudicati

292 1502 394 1541 manue
415 1487 511 1541 inicio.
554 1485 591 1543 In
613 1485 698 1542 titulo
721 1503 773 1542 cur
796 1485 916 1543 sitnon
938 1487 1070 1555 iudicati,
1099 1481 1152 1542 sed
1170 1501 1227 1559 pre
1249 1483 1389 1556 iudicato,
1417 1483 1496 1542 idem
1519 1490 1621 1540 auctor

294 1585 395 1642 statim
417 1585 563 1662 explicat:
583 1598 685 1661 postea
707 1589 848 1663 quaedam
863 1589 936 1663 depes
959 1606 993 1645 ee
1015 1587 1084 1644 eliis
1104 1584 1273 1661 quibusdam
1289 1589 1384 1643 cauria
1404 1579 1466 1661 ‘pro
1489 1579 1622 1644 iudicato’

292 1705 392 1744 manue
408 1691 581 1747 iniectionem
601 1693 631 1746 in
653 1692 792 1765 quaedum
815 1691 958 1749 dederunt.
987 1687 1080 1748 Cuius
1104 1704 1157 1764 pro
1179 1686 1311 1746 iudicato
1333 1705 1440 1746 uranus
1456 1687 1623 1746 iniectionis

294 1788 439 1865 exemplis
463 1809 481 1847 a
506 1789 584 1849 Gaio
611 1792 719 1850 adlatis
747 1793 804 1850 hoc
829 1792 889 1850 iam
918 1792 1069 1850 addemus.
1113 1788 1193 1847 Nam
1220 1807 1317 1865 poena
1343 1791 1416 1848 haec
1443 1807 1623 1865 quamquam

294 1910 332 1948 ex
358 1891 507 1951 Lucerino
535 1894 599 1953 iure
621 1895 763 1967 innotuit,
790 1904 854 1952 tuto
883 1894 921 1953 ad
944 1892 1103 1967 Quiritium
1126 1909 1247 1968 quoqne
1268 1893 1474 1951 transferetur.

380 2439 450 2499 299
490 2441 534 2500 On
557 2443 601 2502 the
624 2444 665 2521 lip
687 2448 722 2519 os
737 2465 757 2502 e
786 2445 886 2503 bronze
906 2463 983 2503 enee.
1028 2441 1190 2502 Vasculum
1221 2459 1280 2517 quo
1309 2442 1377 2500 loco
1406 2450 1557 2517 repertum
1580 2443 1627 2512 sit,

220 2615 223 2621 Ι
295 2542 465 2621 ignoratum
488 2547 559 2604 emit
581 2546 612 2605 id
633 2566 767 2607 museum
791 2548 996 2606 Britannicum
1019 2564 1114 2623 nuper
1134 2544 1250 2604 Romam
1273 2564 1291 2602 a
1314 2542 1508 2604 castellania

548 4384 594 4438 Q·
609 4380 704 4423 tAiNIO
728 4380 775 4434 Q·
791 4379 825 4420 F·
848 4374 1050 4420 nuntrfflos·
1067 4373 1296 4418 PROTREBiBOS·
1314 4374 1395 4418 sectr

389 4562 473 4622 Misit
501 4571 531 4621 et
557 4562 661 4620 charta
682 4574 857 4635 expressam
885 4563 921 4614 et¹
936 4561 1073 4614 accurate
1095 4553 1275 4630 descriptam
1298 4554 1336 4611 A.
1360 4551 1392 4614 S.
1414 4553 1540 4632 Murray
1561 4553 1642 4614 Lon·

309 4666 465 4726 diniensis.

391 4767 536 4825 Faciendi
565 4765 741 4823 vocabulum
776 4781 842 4820 eum
875 4763 906 4821 in
933 4760 1027 4819 titulis
1060 4761 1169 4820 votivis
1206 4760 1260 4817 vix
1285 4758 1386 4817 locum
1414 4759 1531 4832 habeat,
1564 4761 1643 4818 hunc

308 4870 404 4946 magis
419 4869 508 4928 credo
524 4868 673 4945 publicum
690 4883 768 4937 esse,
791 4873 823 4922 ut
845 4865 903 4922 hoc
925 4863 1108 4941 significetur
1129 4862 1335 4941 magistratum
1359 4861 1513 4921 vasculum
1536 4862 1645 4921 fecisse

309 4973 516 5031 faciendumve
531 4989 653 5029 curasse
669 4968 772 5046 populi
787 4967 921 5038 nomine3
943 4974 976 5023 ut
992 4984 1049 5042 pre
1067 4964 1205 5042 pe[plod]
1228 4973 1275 5024 est
1297 4965 1328 5023 in
1350 4964 1437 5023 titulo
1465 4982 1551 5024 sacro
1574 4965 1643 5022 item

310 5074 523 5150 antiquissimo
546 5072 604 5129 rol.
628 5073 642 5129 I
665 5091 692 5128 n.
720 5068 788 5128 188.
831 5068 911 5129 Nam
932 5088 985 5145 pro
1003 5068 1123 5127 ereditur
1142 5067 1223 5143 quod
1245 5073 1301 5140 cst,
1316 5066 1355 5144 >id
1377 5075 1423 5126 est
1440 5085 1497 5142 pro
1517 5067 1643 5124 tribubus

312 5177 360 5254 (ut
393 5177 483 5234 tribas
517 5174 623 5233 Latine
650 5171 772 5233 Umbris
807 5182 853 5231 est
879 5171 968 5231 modo
995 5173 1111 5249 tri-fu„
1143 5169 1232 5230 modo
1261 5168 1393 5246 erese),
1421 5169 1525 5230 eodem
1552 5168 1644 5240 redit;
