3702 5966
583 601 739 664 Quaeso.
761 603 977 656 ononaron.
998 607 1022 656 1.
1416 589 1463 658 27

135 791 229 848 quam
252 773 404 832 civitatem
419 773 587 834 Romanam
608 775 709 852 adepti
730 785 815 834 erant
835 777 923 836 etiam
945 779 1096 838 nominum
1111 780 1225 839 ratione
1240 781 1385 841 Romanis
1401 798 1469 842 sesa

133 875 375 952 aequiperarent.
420 874 567 936 Similiter
587 877 779 938 iudicandum
801 880 837 939 de
859 881 970 940 Tuscis
991 882 1022 939 in
1044 901 1119 941 arna
1141 901 1213 942 cana
1232 886 1283 942 ina
1304 886 1388 955 inna3
1412 883 1469 943 sci-

133 976 207 1035 licet
221 977 316 1038 Tusci
337 978 475 1038 homines
498 980 603 1055 patriis
626 980 804 1054 nominibus,
827 982 925 1041 forma
946 1003 1049 1042 eorum
1071 994 1123 1043 aut
1144 985 1315 1044 nullatenus
1331 993 1382 1044 aut
1396 987 1467 1045 levi·

134 1087 181 1138 ter
196 1079 367 1152 immutata,
389 1100 445 1157 pro
460 1081 622 1158 gentiliciis
637 1081 782 1143 Romanis
799 1084 841 1142 uti
856 1095 1103 1162 perseverarunt3
1126 1087 1163 1146 ab
1178 1086 1356 1165 oppidorum
1371 1095 1468 1148 autem

134 1182 309 1242 nominibus
330 1182 383 1240 illa
403 1183 522 1257 quidem
546 1203 605 1244 non
628 1184 764 1243 videntur
785 1186 929 1263 originem
951 1187 1085 1248 duxisse.
1130 1187 1178 1247 De
1201 1187 1328 1248 Gallicis
1350 1189 1468 1248 Africa-

134 1285 183 1342 nis
202 1283 360 1344 Lusitanis
382 1304 487 1362 parum
509 1295 642 1357 constat3
666 1286 718 1346 sed
741 1295 870 1365 possunt
892 1288 945 1346 illa
966 1299 1093 1366 utraque
1114 1291 1230 1350 ratione
1251 1301 1304 1350 aut
1324 1293 1362 1350 ab
1385 1292 1468 1369 oppi-

134 1385 183 1443 dis
208 1395 261 1444 aut
282 1387 320 1444 ab
342 1387 513 1447 hominibus
536 1389 700 1466 peregrinis
724 1391 869 1466 originem
892 1391 1024 1450 duxisse.
1071 1390 1159 1465 Quod
1182 1413 1201 1453 a
1220 1393 1332 1452 Tuscis
1347 1392 1469 1452 Umbris

134 1485 261 1547 Sabinis
288 1499 422 1566 tempore
444 1499 562 1549 vetusto
588 1491 700 1550 lactum
726 1509 794 1550 esse
821 1493 975 1568 probabile
1001 1507 1061 1564 est,
1088 1495 1119 1552 id
1145 1503 1279 1572 tempore
1306 1497 1470 1555 recentiore

134 1593 297 1669 repetitum
324 1609 392 1650 esse
419 1591 589 1670 frequentur
615 1594 652 1653 ab
674 1593 845 1653 horninibus
867 1595 1035 1673 peregrinis
1057 1596 1183 1656 militum
1204 1598 1395 1674 potissimum
1417 1619 1469 1657 no·

135 1695 220 1753 mina
242 1693 365 1764 docent3
388 1695 500 1754 milites
522 1695 600 1754 enirn
623 1695 755 1756 cuiusvis
776 1697 839 1755 fere
860 1697 977 1775 generis
992 1699 1114 1758 nomina
1129 1699 1257 1759 barbara
1270 1700 1302 1758 in
1317 1700 1470 1780 gentilicia

134 1797 277 1856 Romana
297 1773 470 1856 convertere
492 1798 640 1858 solebant.
717 1783 719 1790 ’

222 1896 283 1958 Sed
310 1906 430 1976 praeter
454 1901 606 1960 nominum
633 1918 744 1977 genera
769 1902 838 1972 illa,
865 1920 941 1978 quae
967 1904 1064 1981 primo
1091 1904 1192 1963 statim
1219 1904 1362 1980 adspectu
1387 1923 1470 1981 pere-

135 2001 241 2078 grinae
269 2002 394 2079 originis
422 2020 490 2062 esse
517 2003 778 2079 deprehendimus,
805 2004 884 2063 aliae
910 2012 1014 2064 extant
1035 2006 1253 2082 gentiliciorum
1275 2007 1388 2066 classes
1410 2028 1470 2066 non

135 2105 166 2162 in
195 2108 241 2162 ina
271 2106 512 2178 terminatorum,
541 2123 618 2181 quae
644 2107 765 2183 proprie
791 2106 929 2166 Romana
954 2116 1006 2165 aut
1033 2117 1113 2167 certe
1134 2109 1241 2167 Italica
1266 2127 1334 2168 esse
1359 2119 1470 2169 certum

136 2218 198 2278 est3
229 2207 344 2266 scilicet
368 2207 399 2266 in
426 2217 500 2266 anus
521 2217 587 2264 inus
609 2216 678 2265 enus
705 2207 872 2267 terminata.
916 2211 1018 2286 Atque
1045 2209 1082 2268 de
1109 2211 1162 2282 iis,
1191 2229 1268 2287 quae
1294 2211 1325 2270 in
1353 2217 1417 2272 inas
1441 2221 1471 2272 et

136 2328 206 2368 enus
226 2309 358 2368 formata
379 2317 457 2380 sunt,
483 2327 578 2386 pauca
601 2308 783 2384 monebo¹)‚
810 2310 1023 2370 nominavero
1049 2311 1080 2369 in
1102 2330 1175 2370 anas
1202 2314 1370 2373 accuratius
1395 2324 1471 2374 trac·

137 2412 217 2470 tabo.

221 2513 348 2574 Praeter
374 2513 453 2572 alins
480 2516 598 2589 generis
625 2515 775 2573 adiectiva
799 2515 936 2592 inprimis
965 2535 984 2573 a
1003 2515 1137 2574 locorum
1160 2519 1331 2577 nominibus
1353 2518 1383 2576 in
1405 2530 1470 2578 inas

136 2616 237 2676 soleat
259 2616 406 2675 adiectiva
427 2615 559 2688 formari,
583 2625 614 2676 ut
629 2616 753 2676 Latinae
768 2616 895 2676 Sabinus
916 2617 1069 2694 multaque
1090 2619 1163 2690 alia3
1185 2620 1313 2697 ipsaque
1336 2621 1470 2680 locorum

137 2720 277 2790 nomina,
305 2725 339 2776 ut
361 2717 505 2776 Larinum
525 2719 672 2778 Sentinum
698 2719 773 2790 alia,
800 2719 933 2778 eiusdem
960 2728 1029 2779 sunt
1054 2721 1253 2780 formationis.
1296 2722 1385 2782 Talia
1410 2741 1471 2782 non

138 2820 299 2880 admodum
324 2838 394 2878 raro
419 2820 451 2879 in
475 2821 692 2898 gentiliciorum
722 2839 810 2881 usum
832 2840 977 2882 conversa
997 2839 1065 2882 esse
1088 2821 1200 2899 (velati
1221 2823 1411 2901 Pomptinas)
1433 2826 1470 2885 ab

141 2939 214 2996 uno,
239 2922 299 2980 nisi
319 2922 419 2994 fallor,
443 2920 481 2982 G.
506 2921 541 2980 F.
566 2921 811 2983 Grctefendio
832 2924 863 2983 in
885 2935 1060 2985 nanscursu
1082 2925 1244 3002 aliquando
1266 2925 1389 3001 dictum,
1411 2945 1471 2988 non

140 3025 215 3084 satis
238 3033 377 3082 accurate
400 3024 581 3100 explicatam
604 3023 700 3102 estt).

221 3126 389 3186 Difficilius
416 3126 609 3186 iudicandum
637 3126 674 3185 ds
700 3117 874 3188 nominibus
897 3129 931 3187 in
957 3138 1050 3201 critic,v
1068 3147 1144 3206 quae
1170 3129 1222 3190 dia
1247 3138 1294 3190 est
1314 3131 1395 3208 qnod
1415 3151 1471 3210 pro

139 3230 371 3307 cognominibus
390 3229 493 3288 haberi
515 3229 613 3289 solent
634 3230 734 3290 omnia
756 3251 776 3289 a
796 3231 869 3290 viris
892 3230 1003 3302 doctis3
1027 3231 1118 3290 veluti
1141 3233 1263 3306 Alfenus
1276 3233 1471 3295 Horatianus.

139 3331 267 3409 Proprie
287 3330 430 3391 Latinum
452 3350 519 3391 esse
540 3343 574 3391 en
596 3333 754 3404 suffixum,
782 3351 953 3410 quanquam
975 3351 1035 3392 non
1056 3333 1217 3393 admodum
1237 3335 1394 3413 frequens,
1419 3337 1471 3395 do-

139 3441 207 3492 cent
233 3443 335 3494 catena
361 3435 473 3494 labina
500 3435 608 3493 larena
634 3437 754 3494 sabana
776 3436 919 3495 cantilena
941 3436 1055 3495 laniena
1077 3446 1210 3496 amenum
1232 3447 1334 3514 apinae
1355 3449 1471 3498 aeream

139 3537 252 3595 alienas
279 3545 406 3595 terrenus
434 3547 463 3596 et
489 3537 610 3596 similia.
653 3536 751 3597 Simili
777 3539 893 3598 ratione
920 3557 939 3596 a
964 3538 1078 3608 radice,
1107 3557 1183 3616 qnae
1210 3549 1257 3598 est
1283 3539 1343 3614 Ais
1366 3539 1415 3615 (ut
1439 3543 1471 3600 in

139 3638 270 3715 Alfius),
300 3638 438 3712 Alfenus,
466 3659 485 3697 a
512 3640 613 3699 Pontia
640 3639 810 3713 Ponticam,
838 3659 857 3698 a
882 3640 984 3700 Satria
1007 3639 1160 3699 Satrianus
1186 3651 1267 3700 recte
1288 3641 1470 3702 derivantur.

140 3741 170 3800 A
191 3741 329 3800 locorum
351 3740 523 3800 nominibus
545 3750 648 3818 aperte
669 3762 706 3802 ea
727 3761 786 3802 non
809 3751 878 3802 sunt
898 3742 1046 3816 derivata3
1069 3751 1168 3803 tamen
1189 3744 1264 3803 haec
1285 3763 1403 3824 quoque
1417 3765 1470 3806 nc·

219 4091 243 4154 ¹)
270 4093 340 4143 Illud
364 4101 462 4144 tantum
486 4110 580 4145 moneo
605 4095 739 4145 occasione
765 4095 839 4157 data,
867 4095 977 4145 amicam
1001 4095 1150 4147 Mamurrae
1176 4097 1319 4148 decoctoris
1337 4099 1471 4150 Formiani

143 4181 318 4236 Camllianam'
337 4185 374 4247 (c.
388 4187 422 4235 41
443 4193 469 4236 et
486 4187 537 4250 44)
562 4189 617 4237 eius
639 4189 741 4252 generis
765 4203 859 4238 nomen
879 4188 1012 4250 habuisse,
1037 4204 1095 4238 non
1111 4205 1262 4254 cognomen.
1298 4191 1366 4242 Nam
1388 4192 1415 4241 ln
1440 4193 1472 4241 iis

145 4291 214 4342 qaae
233 4278 369 4328 traduntur
387 4278 479 4328 litteris
498 4278 522 4328 A
536 4295 572 4329 me
584 4297 601 4328 a
614 4295 648 4330 na
665 4287 735 4330 certo
754 4295 806 4330 non
820 4281 954 4330 Anniana
971 4287 1015 4330 aut
1028 4281 1149 4331 Atiniana
1160 4283 1242 4332 latent
1253 4285 1407 4348 cognomina
1418 4284 1472 4333 rul-

139 4371 215 4434 garia
239 4371 399 4420 cineratis
418 4372 525 4435 antiqua
544 4371 661 4436 qnldem;
682 4386 747 4437 quae
766 4374 917 4437 placuerunt
933 4373 1067 4426 Frdbnero
1087 4380 1113 4422 et
1133 4374 1281 4426 Schwabio.
1319 4376 1385 4428 Sunt
1402 4375 1471 4426 enim

141 4463 205 4511 talia
223 4461 379 4513 feminarum
399 4464 505 4513 nomina
522 4463 619 4516 liberae
640 4466 676 4514 rei
696 4465 813 4529 publicae
833 4472 949 4530 tempora
968 4480 1048 4529 paene
1067 4467 1198 4528 inaudita
1223 4467 1316 4517 deinde
1337 4468 1473 4533 dupliciter

140 4561 273 4619 peccatum
294 4563 360 4604 esset
379 4562 404 4604 et
422 4555 599 4620 geminatione
621 4558 730 4619 omissa,
751 4571 817 4622 quae
836 4565 895 4608 ante
916 4557 1046 4608 Catullum
1065 4559 1148 4608 omitti
1167 4559 1272 4608 omnino
1292 4559 1378 4621 desiit,
1400 4560 1472 4611 etin

141 4661 220 4710 apro
241 4647 252 4694 i
269 4647 362 4696 rustice
381 4649 474 4712 posita.
506 4648 559 4700 Sed
580 4649 649 4714 quod
665 4650 792 4715 Hauptius
811 4649 914 4714 scripsit
932 4649 1049 4700 Ametina
1067 4650 1185 4714 proxime
1205 4650 1304 4702 accedit
1322 4651 1355 4700 ad
1374 4653 1473 4703 litteras

141 4739 250 4788 traditas
274 4745 299 4786 et
323 4739 519 4790 commendatur
542 4741 690 4791 nominibus
714 4742 902 4807 geographicis.
940 4741 1040 4792 Plinius
1064 4742 1133 4792 enim
1152 4741 1288 4792 Amitinum
1306 4745 1375 4794 Latii
1399 4747 1472 4810 oppi-

141 4831 202 4880 dum
222 4829 257 4890 (3
278 4827 352 4892 568)
372 4837 397 4880 et
416 4831 516 4882 Tuscos
534 4831 700 4884 Amitinenscs
719 4833 744 4896 (ξ
758 4833 802 4895 52)
821 4834 952 4896 nominat3
978 4833 1090 4884 Amerini
1107 4833 1207 4895 (Latini
1226 4835 1299 4900 puto)
1318 4835 1427 4887 redeunt
1443 4837 1473 4888 in

141 4923 231 4983 titulo,
257 4937 333 4988 quem
357 4939 388 4972 ex
409 4923 516 4974 Marinii
536 4924 638 4975 schedis
659 4925 749 4975 habuit
768 4927 965 4976 Kellermannus
983 4927 1043 4994 Vig.
1063 4942 1088 4990 p.
1102 4927 1139 4976 44
1158 4926 1236 4988 (inde
1254 4929 1360 4979 llanaen
1380 4927 1472 4991 51³6).

141 5014 260 5064 Indidem
284 5015 394 5065 fortasse
418 5015 563 5066 derivatum
589 5023 628 5066 cat
646 5019 844 5068 Volumniorum
866 5019 1009 5084 cogndmen
1028 5017 1184 5081 Anintr'nur,
1210 5021 1278 5086 quod
1298 5021 1324 5072 in
1343 5022 1416 5072 fastis
1434 5029 1473 5072 est

141 5107 176 5166 (a.
190 5106 270 5170 293);
289 5107 399 5157 tortasse
418 5123 471 5158 non
490 5115 559 5158 recte
577 5110 615 5158 ita
633 5111 756 5175 scriptum
776 5127 791 5161 a
810 5111 898 5162 doctis
912 5111 1068 5172 bominibus,
1088 5112 1132 5176 qui
1151 5112 1231 5162 fastos
1249 5113 1423 5165 coniecerunt.

218 5195 243 5260 ²)
269 5199 301 5249 ln
320 5200 515 5264 quaestionibus
534 5201 566 5250 de
585 5203 742 5268 geographia
761 5209 786 5254 et
804 5203 914 5253 historia
931 5204 1025 5254 ueteris
1044 5203 1136 5254 ltaliae
1154 5203 1275 5256 fascicv
1296 5207 1365 5257 1842
1385 5222 1412 5271 p.
1425 5208 1470 5270 42,

142 5289 186 5356 qai
204 5290 290 5341 libelli
311 5293 391 5342 multa
410 5294 518 5343 confusa
536 5294 581 5344 sed
601 5295 679 5344 etiam
697 5311 751 5345 non
769 5310 851 5361 pauca
869 5303 937 5346 recte
956 5297 988 5346 de
1007 5296 1048 5348 his
1064 5295 1140 5346 rebus
1158 5297 1292 5350 observata
1311 5299 1450 5352 continent.
