3682 5964
392 651 735 704 conuerrrrronss
753 653 1030 704 serensrmcss
1049 653 1152 706 nass.
1361 633 1431 704 171

130 846 217 886 revera
253 845 318 886 esse
358 829 441 888 vocis
484 827 583 888 Oscae
630 827 890 904 significationem,
937 846 1027 904 quam
1073 829 1180 900 statui,
1226 828 1437 903 comprobatur

127 930 229 988 diuersa
266 930 429 1008 capacitate
470 949 627 1002 vasorum,
675 949 751 1006 quae
787 937 856 988 sunt
894 930 924 987 in
954 930 1053 989 media
1089 947 1207 1003 mensa,
1250 949 1269 988 s
1303 929 1436 988 maximo

128 1032 169 1088 ubi
200 1032 354 1108 inceperis,
396 1033 443 1091 his
484 1050 706 1106 mensurarum,
747 1032 853 1110 quibus
889 1051 966 1090 nunc
1006 1039 1130 1090 utuntur
1171 1031 1257 1103 Itali,
1305 1032 1436 1092 numeris

130 1133 530 1205 indicao2A.1sr.31‚ooo.
575 1135 614 1192 B.
638 1135 697 1193 litr.
717 1134 842 1206 23,000.
891 1132 1136 1204 0108163260.
1181 1133 1220 1192 D.
1244 1134 1303 1192 litr.
1319 1135 1434 1206 10,250.

128 1235 158 1292 Ε.
179 1236 229 1294 litr.
243 1235 337 1306 5250
360 1235 507 1311 (Mancrbi
528 1237 546 1294 l.
562 1255 585 1295 c.
604 1257 636 1312 p.
653 1236 735 1314 154).
781 1235 840 1309 Qui
862 1237 991 1308 numeri,
1021 1255 1088 1294 cum
1111 1235 1215 1294 eadem
1237 1235 1299 1295 iere
1319 1238 1435 1295 ratione

129 1338 193 1394 inter
206 1355 234 1395 se
248 1337 387 1395 differant
401 1349 433 1397 ut
451 1341 462 1396 l
479 1337 641 1418 ²i²i²d²
655 1339 684 1417 p,
700 1338 877 1397 vocabulum
893 1337 1006 1398 Oscum
1023 1339 1168 1396 dtas-its
1183 1339 1370 1415 significasse
1385 1357 1435 1414 sp·
1497 1407 1498 1412 ἵ

127 1448 199 1514 paret
212 1436 388 1498 samniticae
411 1427 532 1500 meusn'e
552 1458 606 1498 ras
630 1441 796 1518 capacitate
819 1441 991 1514 secuudum,
1013 1440 1092 1517 quod
1114 1441 1188 1500 duas
1210 1450 1312 1518 partes
1334 1441 1437 1500 terties

126 1541 202 1616 primi
225 1549 254 1600 et
273 1543 398 1602 maximi
420 1542 501 1601 illius
524 1543 606 1602 vasis
628 1544 801 1602 contineret.

196 1641 324 1702 Litteras
351 1644 490 1704 vocabuli
516 1645 637 1722 quintae
664 1663 821 1706 mensurae
849 1645 984 1704 sebsr'lc..
1013 1645 1146 1704 Mancini
1172 1645 1202 1703 in
1230 1645 1367 1720 sebsilcfflr]
1389 1646 1437 1704 rel

126 1744 260 1820 rsbstlsis]
278 1746 436 1804 restituere
458 1756 593 1820 conatur,
616 1747 670 1806 sed
692 1767 738 1806 me
758 1747 854 1807 fateor
868 1748 993 1820 nescire,
1015 1747 1087 1824 quid
1109 1748 1145 1806 de
1167 1747 1257 1807 huius
1278 1765 1436 1808 mensurae

124 1847 237 1906 nominis
259 1846 333 1908 Osci
355 1848 469 1926 origine
491 1859 522 1908 et
543 1850 760 1927 significatione
783 1851 969 1910 statuendum
993 1850 1140 1908 rideatur.

123 2145 170 2205 20.
210 2147 278 2208 Duo
301 2149 470 2226 fragmenta
489 2151 600 2228 lapidis
620 2149 771 2210 Tiburtini
798 2151 924 2210 adhibiti
946 2151 984 2210 sd
1006 2151 1142 2211 cardines
1163 2161 1267 2228 portae
1290 2153 1439 2214 sustinen-

157 2250 207 2308 dos
228 2251 257 2309 in
279 2270 353 2310 oasa
375 2255 407 2312 di
427 2253 467 2312 N.
483 2252 608 2330 Popidio
623 2253 723 2313 Prisco
745 2254 792 2311 vel
815 2273 885 2313 caso
907 2253 950 2312 dc'
963 2258 1066 2313 mot-mi
1086 2255 1134 2313 his
1155 2255 1264 2315 litteris
1286 2256 1406 2316 incisis:

594 2465 652 2512 mr
672 2495 679 2512 .
697 2436 980 2556 pri[p]i·di'rsl.mr

594 2597 872 2714 pu[n1paii]an[s

577 2776 693 2835 Maras
715 2775 864 2853 Popidius
885 2777 989 2835 Maras
1010 2776 1031 2832 f.

590 2877 807 2955 Pompeianus.
1149 2875 1154 2886 '

191 3043 270 3102 Dedi
284 3063 325 3102 ex
340 3045 514 3122 apographo
530 3045 591 3104 aR.
608 3043 745 3105 Schoene
756 3053 892 3121 accept03
908 3045 977 3104 inde
993 3045 1081 3103 etiarn
1094 3045 1232 3115 Febrem,
1248 3043 1278 3103 C.
1291 3044 1329 3104 lt.
1341 3054 1359 3104 t.
1367 3043 1440 3116 LII,

121 3141 194 3215 2819,
210 3156 271 3204 tum
288 3147 328 3205 ab
344 3148 411 3223 ipso
428 3147 525 3223 lapide
544 3146 579 3204 G.
592 3147 724 3218 Fiorclli,
745 3147 794 3207 Gli
809 3152 888 3206 scari
903 3149 933 3206 di
946 3149 1044 3224 Pomp.
1062 3147 1440 3222 dal1861a11872,p.88.

121 3243 198 3316 Quod
213 3247 345 3307 Enderis
367 3249 497 3327 scripsit,
522 3251 664 3307 Fomenl.
681 3251 710 3308 d.
727 3249 795 3308 Oslc.
813 3247 882 3326 Spr.
898 3271 926 3308 n.
939 3250 1030 3320 XIX,
1049 3250 1084 3306 2.·
1104 3248 1152 3306 Po
1164 3290 1171 3306 .
1184 3291 1192 3306 .
1206 3293 1213 3306 .
1226 3253 1290 3319 riis,
1313 3249 1445 3326 legendo'

119 3351 225 3408 errarit.
270 3351 355 3410 Bene
379 3350 504 3410 Fiorelli
527 3351 647 3409 titulum
675 3350 719 3410 sic
740 3353 886 3423 restituit,
913 3361 946 3409 ut
972 3369 1063 3428 supra
1092 3353 1222 3427 scriptus
1251 3360 1312 3422 est,
1340 3351 1383 3410 ita
1409 3359 1442 3408 ut

120 3448 374 3530 Po[mpaii]an[s]
394 3471 558 3530 cognomen
578 3452 746 3511 babendum
768 3453 807 3512 sit
830 3453 909 3512 idem
925 3472 960 3512 ac
976 3451 1167 3528 Pompeianos
1187 3453 1217 3510 in
1232 3451 1341 3511 Latino
1354 3453 1441 3512 titulo

118 3551 261 3630 Pompeiis
284 3555 417 3627 invento,
445 3554 477 3612 0.
493 3555 520 3612 I.
537 3554 606 3614 Lot.
622 3555 680 3625 IV,
703 3556 794 3614 1756:
816 3555 848 3614 P.
873 3557 1008 3614 Parisios
1029 3554 1231 3631 Pompeianus.

120 3785 168 3846 27.
200 3788 417 3868 Fragmentum
439 3789 548 3868 lapidis
571 3791 655 3850 tofini
677 3791 832 3850 inventum
855 3810 882 3848 a.
900 3790 979 3850 1847
1002 3791 1032 3850 in
1048 3809 1132 3850 muro
1149 3791 1348 3850 exadversum
1372 3810 1442 3850 caso

154 3892 184 3948 di
203 3891 247 3950 M.
264 3893 417 3964 Lucretio,
440 3893 571 3952 nuncin
592 3911 694 3953 museo
717 3891 935 3972 Neapolitano:

470 4055 527 4102 mr
553 4033 604 4103 nl't
871 4050 973 4110 Maras
995 4047 1123 4108 Novius.

193 4186 333 4246 Titulum
356 4187 536 4247 delineatum
556 4188 655 4247 habeo
677 4207 696 4245 s
716 4187 752 4246 R.
769 4186 914 4248 Schoene.
958 4188 1016 4246 Ed.
1033 4188 1163 4258 Horatii,
1187 4185 1287 4245 (libro.
1311 4188 1340 4245 d.
1363 4205 1440 4246 ccco.

119 4285 143 4343 d.
156 4287 252 4366 Pomp.
266 4291 351 4366 Nop.
366 4292 453 4349 1850.
486 4291 625 4366 Dispens.
637 4289 682 4361 ΙΙ,
697 4309 725 4366 p.
733 4289 823 4348 XIX.
861 4291 922 4350 Cat.
938 4308 1009 4348 mus.
1022 4290 1102 4366 Nap.
1119 4289 1207 4348 Racc.
1224 4292 1313 4365 cpipr.
1328 4307 1357 4347 a.
1370 4289 1440 4348 149.

119 4387 162 4447 Ex
184 4393 246 4450 suis
270 4391 391 4451 schedis
414 4391 459 4450 ed.
477 4393 614 4463 Febrem,
637 4392 725 4450 Prim
742 4393 837 4469 suppl.
853 4394 880 4451 d.
897 4401 955 4450 ont
973 4395 1039 4451 iser.
1056 4393 1093 4452 It.
1115 4411 1143 4450 a.
1158 4391 1227 4450 604.

120 4623 169 4685 28.
210 4629 345 4690 Parvum
368 4629 565 4708 fragmentum
588 4628 719 4707 epistylii
742 4629 773 4686 in
796 4647 899 4688 museo
921 4626 1136 4705 Neapolitano:

441 4765 592 4866 epid[iis]
948 4783 1085 4862 Epidius.

194 4922 231 4981 E.
249 4923 363 4995 Balsio,
386 4923 487 4984 Giora.
509 4925 537 4983 d.
557 4941 634 4982 cccv.
658 4923 686 4981 d.
703 4921 804 4998 Pomp.
824 4923 851 4994 1,
874 4922 945 4992 266,
967 4932 1023 4980 not.
1041 4924 1066 4992 1,
1089 4919 1166 4980 unde
1190 4921 1328 4993 Fabretti,
1349 4917 1442 4977 Prim.

121 5023 206 5100 suppl.
228 5035 290 5084 ont.
314 5029 383 5086 ircr.
404 5027 474 5085 Ital.
496 5046 525 5084 n.
545 5028 613 5085 505.
638 5059 676 5068 -
701 5024 837 5095 diorelli,
868 5023 920 5083 Gli
945 5027 1025 5083 scaci
1052 5025 1084 5081 di
1108 5021 1210 5098 Pomp.
1234 5020 1386 5081 da11861
1412 5021 1444 5078 ol

121 5126 200 5198 1872,
219 5148 251 5203 p.
270 5129 322 5187 88.
365 5105 522 5204 Epidliis]
542 5127 579 5185 Ε.
600 5127 702 5186 Brizio
724 5136 804 5186 recte
827 5126 994 5204 supplevit,
1020 5145 1086 5184 cum
1115 5126 1145 5183 in
1172 5123 1443 5203 programmatibus

122 5223 366 5304 Pompeianorum
393 5231 535 5308 frequens
562 5231 603 5288 sit
629 5249 736 5288 nomen
758 5229 887 5305 Epidius
914 5226 966 5303 (C.
989 5228 1015 5285 1.
1038 5225 1109 5286 Lot.
1131 5227 1152 5284 1
1156 5227 1190 5298 V,
1213 5247 1244 5303 p.
1265 5225 1341 5298 230,
1368 5244 1392 5284 o.
1415 5224 1442 5281 2.

123 5326 276 5408 lespera).

1176 5429 1237 5488 12*
