3458 6292
414 489 721 541 OBSEttva'rtosss
748 490 1023 541 El'IGllAl'llICAE
1051 491 1141 540 Xl'll.
1369 473 1439 541 257

105 660 174 723 Sed
195 679 264 721 aum
290 660 457 739 fratresque
484 664 554 721 dum
576 664 652 722 vixit
674 665 859 741 suspiciosus
883 665 1044 741 imperator
1065 664 1205 724 Tiberius
1232 666 1263 723 in
1285 664 1375 725 Italia
1400 686 1444 724 re-

105 764 212 837 tinuit,
233 764 286 823 ubi
307 764 425 824 educati
446 779 517 825 suut
539 785 599 824 una
620 784 686 825 cum
709 767 898 842 imperatoris
920 777 1026 844 nepote
1043 766 1121 827 Gaio
1144 787 1180 826 eo
1201 770 1252 844 qui
1274 779 1380 843 postea
1400 789 1444 827 re-

106 866 216 945 guerit
227 864 268 944 ¹).
311 864 372 941 Qui
393 886 462 926 cum
483 868 612 946 primum
634 870 664 927 in
687 870 882 928 contubernio
909 870 1051 945 proaviae
1074 869 1180 929 Liviae
1206 870 1308 942 luerit,
1339 870 1446 929 deinde

106 988 150 1029 ea
169 968 312 1029 defuncta
331 988 359 1029 a.
375 968 415 1029 99
437 972 591 1030 transierit
612 971 642 1029 in
664 971 890 1030 contubernium
910 972 996 1030 aviae
1012 973 1173 1045 Antoniae,
1196 991 1267 1030 mox
1289 992 1316 1031 a.
1333 972 1371 1031 32
1389 971 1445 1032 Ca-

106 1088 203 1151 preas
224 1072 263 1131 ad
282 1070 436 1133 Tiberium
459 1075 572 1133 accitus
593 1072 687 1149 sict),
715 1070 870 1151 proba‘bile
892 1083 940 1132 est
961 1072 1067 1151 Cotyis
1090 1074 1168 1132 lilios
1190 1082 1251 1132 tres
1279 1074 1446 1150 dequibus

107 1173 214 1253 agium
233 1184 265 1233 et
283 1174 369 1251 ipsos
390 1184 443 1233 aut
463 1176 544 1252 apud
559 1176 722 1233 Antoniam
746 1177 833 1234 aviae
855 1194 928 1234 suae
951 1194 1084 1234 sororem
1107 1185 1158 1234 aut
1179 1177 1259 1253 apud
1280 1177 1379 1253 ipsum
1394 1177 1445 1235 Ti·

108 1274 229 1337 berlum
252 1268 292 1337 itt
316 1276 389 1336 aula
413 1278 498 1356 regia
523 1288 657 1336 moratos
683 1277 800 1353 esse³).
849 1277 962 1336 Tutela
987 1290 1086 1337 autem
1118 1279 1203 1355 regni
1230 1278 1377 1338 Thraciae
1409 1280 1447 1337 ab

109 1378 174 1437 hue
194 1384 336 1457 amaapta
349 1378 572 1455 quodammodo
594 1380 625 1439 in
640 1380 867 1456 occupationem
884 1380 1005 1438 verterit
1026 1398 1149 1439 necesse
1171 1388 1216 1439 est
1237 1399 1292 1439 nec
1306 1380 1447 1440 Tiberius

107 1478 345 1540 Rhoemetaleae
373 1480 476 1540 adulto
502 1480 582 1539 facto
603 1500 668 1540 eam
692 1482 867 1553 restituerit3
891 1502 959 1540 nam
983 1480 1080 1541 Gaius
1109 1483 1226 1541 demum
1259 1500 1316 1540 avo
1346 1500 1447 1540 succe-

111 1582 191 1642 dena
212 1600 239 1641 a.
260 1601 290 1659 p.
306 1580 379 1642 Chr.
395 1564 435 1643 '38
463 1592 618 1659 paternum
647 1584 674 1642 ei
700 1604 825 1662 reguum
851 1582 1028 1660 reddidit4).
1072 1582 1164 1644 Cordi
1187 1585 1266 1643 enim
1288 1602 1366 1643 novo
1383 1583 1448 1646 Soli

109 1684 182 1757 tuit,
202 1694 236 1745 ut
249 1685 293 1745 ait
306 1685 413 1745 titulus
429 1682 607 1762 Cyzicenus,
630 1694 664 1744 ut
678 1705 738 1744 una
757 1706 823 1745 curn
836 1687 932 1762 ipsius
956 1686 1053 1745 sidere
1076 1686 1165 1745 simul
1181 1697 1377 1746 exorerentur
1398 1706 1449 1746 co·

112 1786 254 1847 ruitantia
278 1788 478 1865 principatum
500 1789 566 1847 eius
588 1787 728 1865 regua⁵).
775 1787 897 1849 Scilicet
919 1786 1016 1848 Gaius
1037 1788 1151 1866 filiique
1174 1786 1281 1867 Cotyis
1310 1790 1449 1865 proxima

113 1888 339 1949 necessitudine
360 1890 513 1950 coniuncti
536 1899 635 1960 eraut,
660 1909 727 1948 cum
750 1891 818 1948 avia
840 1889 913 1951 Gaii
934 1900 964 1949 et
986 1892 1092 1949 horum
1113 1891 1241 1968 proavia
1262 1909 1382 1949 sorores
1403 1910 1450 1950 es·

115 1996 189 2051 aaut
207 1992 360 2051 Antoniae
381 1991 510 2068 duret),
533 2010 637 2051 omues
658 2001 757 2052 autem
779 2012 965 2052 communem
987 2000 1141 2070 parentem
1163 1993 1308 2052 haberent
1329 1993 1370 2051 M.
1386 1994 1449 2050 An·

114 2092 233 2153 tunium
253 2092 411 2153 Illvirum.
456 2091 646 2172 Quapropter
668 2105 701 2153 ut
721 2095 806 2153 initio
834 2096 1021 2173 principatus
1045 2094 1141 2155 Gaius
1163 2095 1326 2154 Antoniam
1352 2096 1449 2154 aviam

115 2196 233 2275 optime
259 2196 297 2256 ds
322 2213 356 2255 sa
382 2195 518 2255 meritam
545 2198 683 2256 omuibus
705 2198 815 2257 officiis
837 2195 951 2273 fovirl)
979 2209 1009 2257 et
1030 2197 1150 2257 omuino
1172 2216 1245 2274 erga
1264 2198 1449 2275 propinquos

118 2298 277 2359 universos
302 2296 341 2357 ad
367 2298 523 2357 stultitiam
552 2317 647 2376 usque
672 2300 741 2377 pius
768 2318 835 2358 esse
857 2300 1008 2376 voluit⁸),
1036 2300 1078 2358 ita
1101 2298 1206 2376 Cotyis
1231 2318 1349 2376 quoque
1370 2299 1449 2357 filios

115 2406 183 2461 tres
204 2406 308 2477 oreore
329 2419 368 2459 ex
389 2399 513 2460 sobrina
533 2402 628 2479 ipsius
650 2409 737 2461 natos
765 2420 868 2460 omues
889 2401 967 2460 inter
989 2420 1074 2479 reges
1097 2402 1219 2460 rettulit.
1242 2434 1282 2444 —
1304 2400 1449 2460 Eiusdem

114 2500 351 2565 Rhoemetaleae
372 2500 480 2580 Cotyis
509 2503 562 2561 filii
592 2505 679 2562 etiam
708 2505 819 2562 nummi
847 2514 966 2576 extant,
992 2504 1155 2579 inquibus
1183 2504 1220 2562 ab
1247 2505 1342 2562 altera
1365 2514 1450 2580 parte

114 2614 208 2681 aput
233 2602 305 2665 Gaii
332 2606 465 2665 cernitur
497 2606 648 2682 adscripto
681 2606 801 2665 nomine
827 2599 916 2682 Γα[ι’ῳ
943 2598 1063 2689 Καίσαρι
1090 2605 1265 2688 PspJuavucqi
1291 2596 1450 2681 Σεβαστῷ,

197 2870 221 2935 ¹)
243 2873 301 2925 Hoc
320 2888 422 2939 quoque
444 2873 531 2925 docuit
555 2875 689 2940 inscriptio
711 2874 839 2939 Cyzicena
858 2874 942 2923 verbis
962 2873 1014 2923 his:
1035 2861 1092 2930 reric
1109 2861 1205 2930 Kdruac
1229 2869 1257 2921 il
1275 2868 1366 2928 natiue
1383 2865 1450 2921 Ῥοι-

115 2952 247 3033 psqsdlunys
269 2962 311 3016 arat
334 2960 477 3036 Πολίμωνα
506 2964 547 3017 sal
572 2954 656 3017 llo'ruv
680 2951 831 3033 cuvtpr'qcuc
856 2960 897 3014 καὶ
927 2962 1038 3035 irripere
1067 2964 1142 3030 ἑαυτῷ
1166 2966 1243 3034 (imp.
1266 2967 1349 3028 Gaio)
1379 2983 1450 3034 yepe-

115 3044 206 3115 visat.

197 3146 223 3214 ¹)
248 3150 357 3205 Sueten.
370 3152 430 3203 Gai.
446 3154 489 3202 10.
528 3151 634 3202 Tacitus
654 3165 713 3200 ann.
734 3152 759 3211 a,
780 3153 824 3201 20.

197 3238 223 3305 8)
249 3242 370 3295 Conterri
388 3250 483 3311 potest,
502 3244 572 3309 quod
586 3245 705 3308 Agrippa
722 3258 768 3293 rex
784 3244 938 3292 ludaeorum
951 3242 1019 3294 Gaio
1039 3244 1187 3309 imperatori
1207 3252 1336 3309 tamquam
1356 3244 1452 3309 paeda-

117 3348 203 3401 ‘agua
221 3334 306 3387 adluit
324 3336 439 3402 (Ioseph.
453 3344 506 3386 ant.
522 3339 565 3397 ts,
580 3337 605 3397 6,
620 3338 656 3397 4).

195 3424 222 3488 4)
245 3426 300 3479 Ῑ>ἰο
315 3428 360 3493 59,
375 3430 421 3479 12:
442 3415 523 3478 Ke'rut
541 3417 583 3491 niv
595 3445 622 3475 rr
640 3423 776 3495 Ἀρμινίαν
794 3418 837 3490 τὴν
851 3421 1014 3494 σμικροτίραν
1026 3425 1066 3476 καὶ
1086 3415 1146 3493 perd
1164 3424 1237 3476 reiro
1256 3426 1296 3478 aul
1314 3426 1356 3491 τῆς
1372 3424 1451 3494 Ἀρα-

117 3512 182 3581 βίας
198 3508 255 3569 τινὶ
271 3518 307 3585 sd
323 3534 351 3569 ta
368 3510 528 3592 Ῥομητᾶλκῃ
547 3511 579 3569 rei
596 3518 640 3569 τοῦ
658 3509 754 3576 Ko'ruoc
772 3518 812 3569 xci
833 3517 968 3585 nottpan
989 3518 1023 3582 τῷ
1041 3517 1086 3568 τοῦ
1104 3516 1258 3587 Πολέμωνις
1276 3518 1328 3569 υἱεῖ
1343 3509 1386 3583 τὴν
1405 3538 1452 3568 πα-

116 3600 199 3681 aptiae
216 3600 302 3683 ἆρχῆν
319 3610 492 3681 ψηφισαμένης
515 3600 545 3677 ds}
564 3612 607 3676 τῆς
626 3611 720 3676 βουλῆς
741 3608 881 3683 ἐχαρίσατο
905 3607 930 3661 ir
946 3627 974 3659 rr
993 3610 1024 3683 τῇ
1042 3608 1123 3679 ἀγορᾷ
1146 3610 1186 3661 aui
1210 3606 1249 3660 tul
1273 3608 1317 3662 τοῦ
1341 3607 1452 3678 βήματος

119 3700 146 3755 lv
165 3698 245 3771 dim
264 3692 358 3771 μιτιιξῦ
382 3703 428 3754 τῶν
447 3694 543 3755 daciane
562 3694 736 3773 susscipere.
775 3705 976 3756 Rhoemetalcen
1000 3720 1058 3754 eum
1082 3706 1115 3754 de
1139 3720 1190 3769 quo
1215 3705 1265 3755 hoc
1289 3706 1347 3755 loeo
1368 3707 1452 3770 agitur

120 3796 207 3847 adhuc
229 3798 386 3848 credidimus
410 3799 524 3863 intellegi
543 3800 743 3864 Rhescuporidis
768 3798 848 3846 lilium
871 3796 949 3861 (apud
970 3812 1017 3846 nos
1035 3812 1061 3847 n.
1086 3797 1126 3857 8),
1160 3798 1201 3845 cui
1224 3798 1306 3847 altera
1324 3797 1452 3848 Thraciae

123 3904 186 3957 pars
203 3904 221 3941 a
238 3889 308 3943 Gaio
327 3891 389 3941 data
406 3892 440 3941 sit
458 3891 537 3956 stirpe
559 3892 648 3955 Cotyis
667 3892 700 3941 acl
720 3891 872 3940 Armeniam
891 3889 1022 3939 translata.
1060 3890 1098 3938 At
1114 3898 1252 3955 postquam
1271 3890 1358 3939 titulus
1378 3889 1452 3953 Cyzi·

123 3996 202 4033 mnus
223 3982 314 4034 docuit
337 3982 426 4048 Cotyis
448 3983 589 4033 liberorum
619 3990 680 4034 natu
705 3984 846 4033 maximum
871 3982 962 4032 eodem
986 3982 1090 4031 nomine
1112 3982 1191 4031 luisse
1215 3996 1322 4047 eumque
1347 3997 1454 4047 regnare

122 4074 241 4141 coepisse
257 4076 402 4141 imperante
420 4091 473 4126 uon
486 4075 603 4137 Tiberio,
623 4076 669 4125 secl
683 4075 760 4136 Gaio,
781 4074 874 4125 collato
893 4074 1040 4123 testimonio
1050 4073 1187 4127 Strabonis
1201 4072 1237 4139 (p.
1245 4072 1363 4124 astruo.
1375 4074 1407 4135 4)
1427 4074 1455 4123 id

124 4168 237 4219 efficitur
255 4167 325 4233 qued
344 4182 421 4234 supra
446 4168 577 4233 posuimus
596 4168 701 4218 nominc
720 4167 921 4218 Rhoemetalcen
940 4179 1047 4231 regnare
1067 4168 1181 4232 coepisse
1203 4174 1263 4232 post
1286 4166 1384 4216 obitum
1410 4180 1454 4229 pa·

125 4262 188 4323 tris,
213 4260 260 4311 aad
279 4260 384 4310 tutelam
403 4261 475 4326 regni
495 4260 628 4311 'liberium
647 4261 674 4310 in
693 4259 890 4324 occupationem
908 4259 1024 4309 vertiam.
1061 4258 1185 4324 Sequitur
1203 4260 1263 4308 item
1283 4258 1367 4322 Cotyn
1386 4272 1453 4319 eum,

123 4354 199 4405 cuius
216 4368 325 4419 reguum
338 4352 420 4405 Gaius
443 4352 644 4403 Rhoemetalces
663 4352 760 4413 tribuit,
779 4351 976 4402 Rhoemetalcae
995 4358 1094 4415 patrem
1113 4366 1177 4412 esse,
1198 4366 1250 4402 neu
1268 4350 1374 4401 fratrem
1392 4366 1454 4400 mox

122 4452 368 4508 commemoratum,
394 4459 549 4511 quamquam
568 4446 624 4495 lieri
644 4452 741 4510 potest,
765 4452 793 4493 ut
810 4444 865 4495 Dio
888 4445 942 4509 ipse
965 4444 1104 4495 crediderit
1121 4444 1154 4493 de
1173 4444 1264 4493 eodem
1285 4442 1366 4508 Cotye
1385 4451 1455 4492 utro·

122 4552 176 4605 qua
195 4538 254 4589 loco
272 4538 324 4603 agi.

201 4626 227 4692 ι)
248 4626 325 4679 'Bari
344 4619 359 4679 ὅ
377 4615 636 4687 νιδςἮλιοςΤάιος
654 4631 757 4696 Καῖσαρ
771 4614 905 4689 Σιβαστδς
923 4615 1072 4696 Γιρμανιιιδς
1092 4615 1285 4693 συναναλᾶμψιιι
1304 4630 1359 4684 ταῖς
1378 4621 1456 4685 ἰδίαις

120 4716 216 4789 adytis
232 4712 276 4772 aad
293 4709 339 4779 sde
358 4709 510 4789 dapupdpeur
527 4721 570 4786 τῆς
587 4715 719 4791 ἦγιμσνιάς
738 4715 866 4785 »istinc-tv
885 4715 1056 4788 βασιλ[ιι’]ας.

202 4810 228 4876 ¹)
251 4814 321 4865 Vide
345 4829 412 4880 quae
435 4815 463 4865 in
487 4815 536 4865 hac
561 4815 724 4880 ephemeride
751 4815 829 4864 roll
850 4830 875 4879 p.
891 4813 943 4863 223
967 4812 1009 4861 de·
1020 4813 1138 4863 Antonia
1162 4813 1289 4863 triumviri
1313 4813 1369 4864 dlis
1393 4822 1456 4864 natu

120 4906 242 4959 nultus
259 4912 340 4971 nupta
357 4906 509 4971 Pythodoro
529 4908 664 4958 Tralliano
684 4908 801 4972 exposui.

201 4992 227 5061 ')
251 4999 358 5053 Sueten.
379 4998 439 5051 Gai.
461 5000 508 5050 152
534 5000 660 5050 Atttout'ue
679 5001 753 5050 aciae
772 4996 896 5065 quidquid
912 5012 1025 5063 umquem
1043 4994 1124 5047 Liuia
1141 4997 1260 5065 Auyattu
1277 4994 1397 5051 honorum
1415 5013 1455 5049 ce-

114 5090 212 5163 pisset,
231 5106 281 5141 aaa
300 5097 401 5141 matus
419 5092 531 5143 consulto
551 5093 683 5158 conpescit.
721 5092 775 5143 Dio
795 5092 837 5152 59,
859 5092 884 5140 9.
923 5089 1022 5141 Eckhel
1041 5090 1067 5151 6,
1089 5091 1150 5141 179.

202 5180 230 5249 ⁸)
253 5182 362 5239 tecue
379 5184 435 5237 Le.
472 5184 527 5237 Die
545 5186 562 5236 1.
577 5202 599 5237 c.
