3458 6292
481 1821 989 1935 OBSERVATIONES
1028 1823 1503 1938 EPIGRAPHIOAE.

914 2132 1065 2140 —a—-—-—

552 2389 639 2448 XVI.
685 2388 715 2450 S.
739 2388 774 2449 C.
797 2390 855 2448 DE
879 2387 1107 2451 THISBAEIS
1136 2389 1428 2452 RECOGNITVM.

604 2529 826 2595 (Supplementum
845 2531 878 2580 ad
897 2531 952 2580 obs.
965 2531 1018 2581 XV
1036 2545 1059 2580 a
1076 2532 1145 2581 1872
1165 2547 1191 2596 p.
1206 2532 1298 2581 2⁷8-
1309 2531 1381 2594 298.)

328 2678 428 2852 Qui
461 2777 575 2818 summo
607 2760 674 2818 loco
706 2759 870 2818 litterarum
903 2778 1004 2818 euram
1036 2759 1166 2818 Athenis
1202 2759 1320 2835 publice
1352 2759 1415 2837 agit
1445 2758 1657 2821 Eustratiades

325 2871 486 2939 postquam
513 2863 809 2921 senatusconsultum
836 2862 873 2919 de
899 2861 1062 2920 Thisbaeis
1095 2879 1198 2920 mense
1226 2858 1396 2940 Septembri
1424 2863 1495 2921 anui
1522 2864 1656 2939 proximi

325 2985 363 3022 ex
403 2965 528 3041 ignobili
566 2965 647 3035 vico,
687 2964 738 3022 ubi
775 2963 901 3041 prodiit,
937 2964 1073 3022 Athenas
1114 2962 1305 3024 deferendum
1345 2965 1475 3035 curavit,
1515 2965 1559 3025 ibi
1596 2967 1657 3025 iam

324 3076 509 3143 prostantem
539 3066 668 3144 lapidem
695 3068 726 3124 in
753 3083 857 3125 museo
886 3065 925 3122 ad
948 3066 1026 3123 viam
1049 3066 1213 3125 Potissiam
1240 3066 1358 3144 publice
1384 3068 1560 3145 expositum
1589 3088 1659 3128 mea

324 3189 418 3229 eausa
449 3170 546 3227 denuo
579 3169 712 3246 inspexit
743 3176 773 3226 at
804 3168 1034 3243 diligentissima
1066 3170 1240 3245 recognovit
1272 3167 1346 3228 Otto
1363 3169 1514 3228 -Lueders
1548 3170 1658 3229 horum

325 3272 492 3330 studiorum
513 3272 594 3329 fideli
617 3272 760 3329 societate
781 3270 938 3329 nobiscum
960 3270 1146 3329 coniunctus.
1190 3270 1237 3329 Ea
1257 3271 1421 3348 reoognitio
1445 3272 1505 3331 etsi
1532 3272 1564 3331 in
1591 3275 1657 3332 uni·

324 3391 442 3432 versum
466 3374 654 3432 confirmavit
673 3373 705 3432 id
726 3373 763 3431 de
784 3391 844 3448 quo
866 3392 903 3430 ne
925 3380 1014 3429 antea
1034 3373 1153 3448 quidem
1169 3373 1300 3432 dubitari
1321 3381 1402 3432 recta
1421 3381 1550 3451 poteret,
1573 3373 1657 3434 Fou-

325 3484 438 3534 cartum
465 3476 564 3534 officio
591 3495 651 3533 non
680 3475 839 3533 admodum
866 3475 949 3533 facili
970 3474 1102 3533 functum
1125 3493 1193 3534 esse
1218 3484 1340 3534 strenue
1365 3486 1394 3535 et
1420 3477 1531 3551 perite,
1558 3476 1656 3535 nihilo

325 3579 421 3637 minus
445 3578 668 3637 emendationes
690 3577 835 3653 quasdam
858 3576 1072 3653 suppeditavit,
1094 3578 1203 3653 quibus
1225 3578 1377 3654 egregium
1399 3587 1430 3636 et
1450 3597 1547 3656 paena
1568 3579 1656 3637 dixe·

324 3683 379 3739 rim
403 3681 577 3757 primarium
599 3681 826 3737 instrumentum
849 3678 1028 3754 quibusdam
1050 3680 1125 3739 loeis
1140 3682 1325 3739 emaculatur
1347 3691 1377 3739 et
1397 3699 1476 3740 nova
1497 3679 1563 3739 luce
1587 3681 1656 3740 illu-

324 3793 443 3842 stratur.
488 3781 689 3855 Quamobrem
719 3782 777 3840 moi
803 3781 894 3839 officii
921 3780 995 3839 duxi
1021 3799 1073 3840 eas
1095 3800 1186 3859 quam
1213 3782 1341 3859 primum
1368 3782 1432 3841 fieri
1459 3784 1561 3859 potuit
1587 3803 1655 3844 enm

324 3887 362 3944 iis
384 3905 508 3962 quorum
532 3885 655 3942 interest
675 3884 793 3961 publice
815 3885 1042 3943 communicare.
1399 3881 1405 3892 '

407 4043 444 4100 V.
469 4043 579 4101 6-10
607 4041 649 4098 ita
675 4039 817 4098 mutanda
844 4047 926 4099 sunt:
955 4029 1022 4123 ssepi
1049 4027 1086 4097 niv
1108 4032 1240 4116 Orrssleie
1265 4030 1372 4117 λέγους
1397 4032 1566 4112 ἐποιήσαντο
1593 4032 1656 4127 περὶ

322 4148 379 4203 τῶν
400 4139 478 4202 καθ’
494 4137 599 4202 adratis
620 4132 812 4225 πραγμάτων,
838 4132 935 4201 οἵτινες
962 4139 989 4198 ἒν
1009 4145 1044 4219 τῇ
1064 4135 1148 4218 podia
1169 4144 1204 4219 τῇ
1226 4143 1231 4220 Ι
1255 4133 1373 4225 incripta
1395 4133 1547 4211 ἔνι’μειναν,
1578 4135 1657 4205 ὅπως

323 4244 419 4303 αὐτοῖς
441 4241 596 4322 δοὲυἷσι[ν,
620 4247 624 4320 Ι
649 4242 747 4321 o]ic¹)
770 4238 807 4300 ui
828 4239 911 4300 καθ’
927 4238 1034 4300 asinario
1055 4235 1214 4326 πράγματα
1236 4235 1489 4325 ἕξηγῆσωνταιῗ).
1533 4246 1571 4305 Id
1593 4256 1653 4307 esi:

329 4351 414 4420 Quod
437 4348 568 4406 Parauaea·
593 4347 680 4405 verba
702 4349 834 4421 secarunt
861 4348 895 4404 de
922 4350 982 4404 auia
1011 4347 1094 4404 rebus
1119 4349 1302 4422 quiquidem
1322 4350 1353 4405 in
1374 4352 1503 4407 amicitia
1518 4366 1656 4426 perinan-

323 4462 432 4521 serunt,
459 4460 490 4507 ut
512 4452 613 4507 dentur
634 4449 689 4506 sibi
709 4449 811 4523 quibua
833 4451 905 4524 ipsis
927 4467 973 4506 rea
995 4466 1064 4506 auus
1086 4459 1235 4524 enpronaat.
1279 4447 1365 4523 Quue
1387 4449 1533 4510 orationis
1554 4450 1656 4511 forma

323 4563 507 4629 quantopere
528 4560 661 4628 praestet
681 4571 726 4622 ea,
748 4568 837 4626 quarn
854 4560 942 4608 antea
963 4549 1005 4625 (p.
1022 4549 1096 4625 292)
1118 4551 1335 4609 admiseramus
1349 4569 1449 4611 rerum
1463 4570 1545 4613 nexa
1565 4552 1653 4635 degi·

323 4665 425 4727 tutam,
448 4654 500 4712 sed
524 4652 672 4712 sermonis
695 4654 746 4711 vix
769 4652 944 4724 tolerabilis,
967 4670 1027 4710 non
1049 4671 1125 4728 opus
1147 4661 1193 4712 est
1213 4673 1363 4713 enarrare.

324 4876 527 4886 ———

400 5029 423 5092 ι)
447 5030 592 5081 Foucartus
610 5029 673 5093 legit
690 5031 799 5075 ΑΥΤΟΙΣ
822 5015 875 5091 (vel
887 5015 920 5092 Δ)
943 5013 1183 5092 ΙΙΒ(ἲ)θΩἱΙΙΙΙΙΞ,
1209 5027 1337 5092 supplevit
1354 5017 1427 5079 nitri
1439 5016 1588 5099 ὶιὸρθυη
1604 5024 1649 5089 ek·

325 5125 401 5186 Quod
418 5123 503 5188 posui,
522 5120 698 5172 Kirchhoifius
717 5121 824 5170 invenit.
1589 5136 1592 5141 ·

398 5223 422 5287 ²)
442 5225 584 5275 Foueartus
602 5223 664 5288 legit
682 5226 929 5284 sarnanum,
950 5223 1079 5288 supplevit
1098 5208 1290 5290 ιζσηγήσωνται.
