3458 6292
312 491 383 559 184
880 507 1060 557 caussam:

747 781 1040 842 AVRVNOORVM
1068 781 1193 840 AGER.

868 919 1083 981 AVRVNOA.

311 1108 359 1167 71.
395 1107 544 1166 Nummus
568 1126 679 1166 aeneus
695 1110 789 1167 musei
805 1109 970 1167 Britannici
987 1108 1024 1165 ab
1048 1108 1143 1166 altera
1162 1114 1246 1182 parte
1261 1108 1349 1165 habet
1365 1117 1453 1184 caput
1467 1106 1635 1162 laureatum

352 1211 503 1287 Apollinis
532 1229 599 1268 cum
633 1211 732 1268 littera
754 1215 789 1282 Θ,
822 1214 859 1269 ab
885 1211 980 1269 altera
1007 1210 1180 1286 delphinum
1203 1229 1268 1267 aum
1292 1210 1462 1267 nominibus
1485 1208 1587 1282 oppidi
1610 1217 1640 1263 et

352 1313 544 1390 magistratus
567 1315 724 1371 monetarii
746 1332 837 1391 supra
859 1321 889 1370 et
910 1314 988 1371 infra
1010 1313 1146 1389 scriptis:

616 1450 810 1523 aurunkud
1180 1474 1331 1557 Aurunca.

694 1599 744 1608 ι..
1229 1597 1280 1608 .—

616 1655 772 1730 makdlls
1177 1676 1332 1739 Macidius.

397 1813 492 1871 Catal.
509 1815 543 1888 of
553 1814 597 1872 tlte
613 1813 663 1872 Gr.
679 1817 749 1871 coin.
765 1815 841 1872 Brit.
857 1813 933 1873 Mus.
944 1814 981 1872 It.
993 1833 1025 1889 p.
1041 1815 1087 1871 75.
1118 1812 1211 1873 Cuius
1228 1814 1339 1872 nummi
1354 1812 1547 1888 exemplaria,
1563 1830 1640 1886 quae

310 1914 336 1973 Ι.
360 1915 572 1974 Friedlaendor
594 1916 766 1992 publicavit,
802 1917 930 1975 incertas
964 1915 1177 1973 tandummodo
1205 1916 1351 1991 quasdam
1379 1915 1509 1973 nominis
1538 1914 1640 1990 oppidi

311 2017 466 2076 Auruncae
489 2017 559 2078 Osci
582 2019 736 2094 relliquias
758 2018 870 2077 babent
891 2037 957 2076 cum
980 2019 1099 2075 nomine
1115 2017 1307 2093 magistratus
1322 2017 1464 2087 Makcliit,
1487 2017 1640 2073 arcaturis

313 2120 398 2195 (osa
429 2121 527 2178 Ma'uz.
558 2130 577 2179 t.
607 2121 691 2180 VIII.
714 2141 743 2197 p.
766 2122 805 2179 63
826 2120 894 2196 aa).
949 2120 1025 2178 Post
1052 2117 1198 2178 Garrucci
1226 2119 1353 2195 protulit
1384 2119 1539 2194 exemplar
1572 2138 1640 2175 cum

312 2222 419 2281 litteris
442 2223 545 2299 oppidi
558 2224 686 2282 nominis
702 2223 834 2280 Aururtlc.
857 2232 887 2281 et
900 2223 1019 2281 nomine
1035 2223 1229 2298 magistratus
1245 2221 1439 2296 (locabam,
1460 2220 1544 2277 Ball.
1560 2220 1640 2276 areb.

311 2324 390 2400 Nep.
412 2345 458 2382 nu.
482 2344 505 2383 s.
527 2326 555 2397 I,
577 2336 636 2383 tan.
658 2325 717 2396 IV,
739 2327 767 2383 4.
786 2344 818 2401 p.
841 2325 884 2383 65
906 2344 960 2401 sq„
982 2326 1059 2383 unde
1083 2325 1218 2395 Fabretti,
1245 2322 1276 2381 C.
1289 2325 1315 2381 I.
1331 2325 1369 2381 It.
1387 2323 1478 2388 2745,
1500 2342 1528 2379 a.
1545 2322 1639 2380 Gloss.

310 2427 348 2484 It.
371 2448 404 2503 p.
431 2428 527 2499 1090,
556 2447 615 2503 apo,
644 2428 679 2485 Z.
700 2428 728 2501 s.
758 2428 845 2504 uerpl.
874 2426 940 2503 Spr.
967 2427 1026 2499 XI,
1058 2427 1130 2486 324.
1178 2427 1274 2486 Musei
1306 2427 1470 2486 Britannici
1502 2443 1640 2483 nummus

311 2529 460 2607 integrum
482 2529 645 2588 ablativum
668 2530 744 2606 sing.
768 2529 896 2588 nominis
913 2529 985 2590 Osci
1001 2529 1155 2589 Auruncae
1177 2529 1293 2607 oppidi:
1315 2529 1481 2587 Aurunlcud
1500 2529 1639 2596 serravit,

310 2631 388 2689 unde
403 2632 546 2708 sequitur,
568 2633 657 2690 etiam
679 2633 709 2690 in
728 2633 834 2691 ceteris
849 2633 1071 2710 exemplaribus
1093 2633 1226 2692 eiusdem
1249 2633 1362 2691 nummi
1383 2633 1461 2690 huna
1476 2632 1639 2690 ablativum

315 2740 367 2790 aut
389 2734 526 2792 omnibus
548 2734 656 2792 litteris
680 2735 822 2810 scriptum
846 2745 898 2794 aut
919 2746 990 2794 nota
1011 2736 1173 2794 indicatum
1195 2735 1296 2792 luisse.

311 2924 389 2930 ——-
403 2923 1620 2936 -ῇ-ᾜῊψ-ᾕ--ρ--ω
1627 2923 1631 2927 -

312 2944 332 2950 -r
342 2945 530 2952 ——n—
538 2947 764 2953 ..ο-ο*
776 2948 890 2954 -----
904 2947 1311 2956 ---.-...-.-.-..-----
1319 2948 1329 2953 -
1337 2944 1601 2953 ---————----·—
1610 2945 1630 2948 Μ

734 3272 850 3333 AGER
872 3271 1213 3335 TARRICINENSIS.

315 3456 370 3515 72.
406 3455 538 3516 Tessera
560 3457 691 3542 eburnea
711 3458 840 3518 Romam
862 3460 954 3519 allata
975 3461 1014 3519 ad
1037 3459 1202 3522 Saulinium
1225 3481 1262 3519 ex
1284 3464 1348 3537 agri
1371 3457 1590 3518 Tarrieinensi:

803 3615 948 3675 STATlS
962 3657 968 3671 .
983 3561 1108 3677 cutia
1122 3658 1129 3671 .
1143 3615 1171 3675 C

764 3715 879 3778 Statius
902 3716 1030 3778 Cloilius
1069 3717 1157 3778 Gavii
1180 3718 1199 3776 l.

395 3852 507 3924 Erana,
542 3853 625 3911 Bull.
659 3857 687 3911 d.
710 3856 783 3913 Inst.
806 3875 833 3913 a.
856 3856 1003 3926 R.186'I,
1027 3856 1128 3933 p-37.
1150 3856 1201 3914 38.
1247 3854 1282 3914 G.
1312 3855 1494 3926 Willmanns
1517 3854 1637 3931 preru.

315 3957 404 4029 epipr.
428 3954 453 4026 I,
473 3976 505 4030 p.
527 3955 578 4013 32.
623 3953 699 4014 Cum
721 3959 751 4014 in
775 3958 830 4016 hoc
852 3957 937 4016 titulo
960 3966 1104 4035 appareat
1125 3958 1217 4017 Statio
1238 3977 1421 4033 praenomen
1442 3968 1475 4016 ut
1498 3957 1589 4016 Sintia
1610 3957 1640 4013 in

312 4056 388 4113 stela
410 4054 546 4114 Cumana
575 4060 628 4134 (cs.
651 4078 730 4134 supr.
752 4079 780 4117 n.
804 4059 864 4134 17),
886 4071 917 4118 et
941 4068 1013 4119 uota
1037 4060 1240 4136 praenominis
1267 4062 1361 4138 patris
1386 4062 1416 4121 C.
1445 4081 1504 4119 non
1532 4060 1636 4116 addita

314 4158 414 4217 littera
439 4160 536 4236 prima
562 4160 645 4218 vocis
676 4161 758 4235 filr'us
785 4163 898 4237 scripta
924 4164 977 4234 sit,
1012 4161 1050 4222 G.
1074 4163 1257 4222 Willmanns
1290 4173 1369 4222 recte
1398 4163 1548 4233 iudicavit,
1579 4179 1639 4218 non

314 4258 459 4319 Latinum
482 4280 549 4320 esse
571 4263 650 4321 huno
673 4263 799 4336 titulum,
823 4265 877 4323 sed
899 4265 1012 4323 Oscum
1033 4264 1151 4323 Latinis
1174 4265 1283 4324 litteris
1306 4268 1455 4342 scriptum.

997 4470 1638 4480 -v———n—--u-—u-——ffl-——a-

737 4795 1076 4872 Anovruvnoavn
1097 4797 1222 4858 ansa.

319 4979 373 5039 73.
417 4981 510 5059 Lapis
542 4984 680 5042 inventus
714 4984 745 5041 in
779 5002 852 5062 agro
886 4984 1019 5043 Cicolano
1051 4984 1089 5042 ad
1121 4989 1217 5042 vicum
1250 4983 1341 5042 Ncscc
1373 4984 1452 5043 haud
1485 4983 1589 5060 procul
1622 5002 1640 5040 a

357 5082 599 5143 Peacoroccliano
630 5085 661 5143 in
698 5087 875 5162 dclcqaaione
900 5088 977 5145 aaa
998 5104 1097 5146 mense
1119 5086 1259 5145 Ianuario
1286 5106 1333 5146 an.
1364 5087 1442 5146 1859
1470 5088 1500 5145 ln
1522 5105 1641 5144 camera

358 5188 552 5245 subterranea
573 5207 639 5246 cum
662 5189 792 5248 nummis
813 5199 843 5248 et
863 5189 949 5248 varia
971 5187 1151 5265 supellectili
1172 5198 1203 5248 et
1222 5188 1319 5249 titulis
1339 5187 1472 5249 Latinis:
