3458 6292
198 470 244 537 88
789 480 938 539 arturus

195 660 384 719 Sabellarum
402 659 578 718 Sabinorum
595 660 776 720 Umbrorum
792 662 906 732 Piceni,
929 663 979 738 qui
999 672 1046 720 cst
1069 673 1174 720 tractus
1186 663 1246 728 ,iila
1268 664 1470 732 celeberrimus,
1494 668 1527 720 ut

195 783 261 821 cum
279 761 422 820 Cicerone
443 762 604 839 loquamur
625 764 693 841 (pro
710 764 835 822 Plancio
851 765 880 836 9,
897 763 960 840 Ἠ),
982 766 1171 838 l'eaasranus,
1193 765 1352 838 Allifanus,
1376 775 1433 823 tota
1450 768 1529 822 derri-

195 885 248 941 que
270 875 367 923 nostra
388 865 442 922 iiia
464 885 569 941 aspera
592 876 617 924 at
638 878 784 925 montuosa
806 876 831 924 et
852 867 971 943 simplas
993 877 1019 924 ct
1032 870 1150 943 fautria
1171 886 1285 925 suarum
1301 871 1387 942 regia.
1425 869 1460 924 ln
1476 854 1547 925 iis?

196 967 262 1023 dem
285 969 376 1043 igitur
397 969 460 1026 fere
474 969 644 1044 regionibus
660 970 748 1026 etiam
763 969 867 1047 ignota
881 970 935 1027 illa
950 970 1060 1047 oppida
1075 969 1133 1028 sita
1148 969 1242 1028 fuisse
1258 969 1454 1045 probabiliter
1467 979 1528 1027 sta·

195 1077 304 1127 tuetur.
325 1052 395 1127 'Ea
416 1075 531 1146 antiquo
552 1071 640 1129 Latia
662 1070 748 1128 LIII
762 1072 865 1146 populi
885 1076 1012 1131 interiere
1034 1077 1094 1131 sine
1115 1075 1239 1148 uestigiis
1261 1071 1362 1130 Plinio
1385 1071 1416 1148 (3
1441 1071 1529 1147 ξΊΟ)

195 1180 286 1242 testc;
315 1171 402 1229 facile
432 1173 607 1231 crediderim
637 1175 713 1231 inter
738 1174 791 1232 illa
818 1174 934 1250 aliquot
960 1194 1062 1233 eorum
1090 1175 1197 1245 fuisse,
1227 1193 1242 1230 e
1271 1174 1378 1251 quibus
1407 1175 1531 1232 nomina

196 1275 269 1331 haec
290 1275 320 1332 in
344 1293 415 1332 anus
438 1275 571 1334 derivata
592 1285 670 1334 sunt.
713 1275 830 1335 Tamen
851 1277 980 1334 fortasse
1002 1279 1033 1336 in
1053 1277 1309 1353 inscriptionibus,
1332 1277 1362 1334 in
1385 1277 1530 1334 historiae

196 1377 339 1451 profanae
366 1385 397 1434 et
423 1396 525 1435 sacrae
550 1378 770 1449 instrumentis,
798 1379 828 1436 in
850 1379 926 1455 ipsis
949 1379 1080 1436 locorum
1102 1397 1248 1456 pagorum
1270 1397 1411 1455 agrorum
1432 1381 1531 1456 paric-

196 1479 324 1537 tinarum
350 1478 534 1537 desertarum
563 1480 731 1538 nominibus
751 1480 904 1538 hodiernis
931 1481 1079 1556 quaedam
1106 1500 1208 1539 eorum
1235 1490 1355 1539 serrata
1381 1491 1463 1551 sunt;
1491 1483 1530 1539 ad

197 1600 232 1637 ea
254 1581 351 1638 denuo
373 1582 581 1658 investiganda
601 1583 731 1652 indiceS,
753 1600 830 1659 quos
851 1600 944 1659 supra
966 1582 1049 1653 dedi,
1072 1584 1201 1641 fortasse
1227 1583 1417 1642 adiuvabant.

279 1684 562 1743 Demonstravimus
587 1686 810 1762 grammaticam
833 1685 990 1757 rationem,
1014 1704 1073 1761 qua
1095 1687 1216 1744 uomina
1238 1685 1291 1743 illa
1311 1685 1440 1743 formata
1461 1704 1533 1744 esse

196 1786 352 1862 probabile
375 1796 429 1844 est.
466 1787 574 1844 Restat
595 1786 691 1844 altera
712 1787 849 1862 quaestio
871 1806 966 1863 eaque
989 1788 1107 1863 gravior
1128 1795 1157 1845 et
1178 1787 1338 1858 difficilior,
1360 1787 1478 1846 scilicet
1500 1796 1533 1846 ut

197 1888 364 1965 explicetur
391 1888 441 1964 qui
469 1889 579 1946 factum
606 1890 645 1947 sit
667 1897 700 1946 ut
721 1890 846 1965 originis
868 1889 1025 1959 indicatio,
1053 1908 1131 1965 quae
1154 1890 1312 1948 multorum
1334 1901 1380 1949 est
1401 1907 1458 1948 sua
1480 1910 1532 1948 na·

198 2000 279 2064 tura,
302 1991 341 2050 ad
363 1992 451 2049 unias
473 1991 603 2048 hominis
627 1991 748 2068 eiusque
770 1991 866 2068 gentis
893 1992 1128 2068 designationem
1152 1993 1255 2068 aliqua
1276 2012 1342 2050 cum
1364 1993 1534 2051 constantia

199 2094 316 2152 deflexa
337 2093 511 2169 reperiatur.

282 2196 489 2271 Incipiendum
510 2195 626 2253 ridetur
647 2195 678 2253 in
699 2196 756 2253 hac
777 2195 955 2271 quaestione
969 2217 988 2254 a
1002 2197 1238 2273 cognominibus
1275 2197 1322 2255 Ea
1336 2198 1413 2255 enim
1428 2205 1534 2256 notum

199 2307 245 2356 est
271 2318 290 2355 a
316 2297 391 2356 locis
419 2298 552 2355 derivata
579 2315 728 2355 essenon
751 2306 784 2354 ut
805 2299 888 2374 origo
911 2298 1128 2375 designaretur,
1156 2300 1208 2358 sed
1231 2308 1263 2357 ut
1284 2299 1396 2357 iactum
1418 2299 1535 2375 aliquid

200 2401 297 2459 nobile
325 2400 406 2458 velut
428 2400 553 2457 victoria
580 2420 596 2457 e
624 2401 746 2478 regione
768 2400 822 2457 illa
844 2411 996 2476 reportata
1016 2409 1046 2458 et
1067 2402 1179 2460 similia
1201 2421 1266 2460 cum
1292 2401 1378 2459 unius
1401 2401 1536 2459 hominis

200 2503 345 2562 memoria
367 2503 525 2560 coniuncta
545 2521 599 2577 pcr
621 2511 738 2577 gentem
761 2503 825 2560 eius
848 2512 1046 2561 servarentur.
1085 2503 1159 2562 Eius
1182 2504 1301 2580 generis
1323 2505 1354 2561 in
1376 2521 1452 2562 anus
1475 2499 1535 2561 for·

200 2617 282 2664 mata
304 2614 375 2662 sunt
395 2604 554 2679 Africanus
571 2603 741 2664 Coriolanus
763 2605 924 2681 (siquidem
948 2605 1023 2663 illud
1046 2624 1114 2663 vere
1135 2606 1193 2664 huc
1214 2605 1356 2682 pertinet)
1380 2606 1537 2681 Hispanus

142 2780 147 2794 ¹
201 2709 245 2784 (ct
270 2707 442 2784 Hispallus)
469 2705 626 2764 Montanus
653 2705 886 2783 (Tarpeiorum)
909 2707 1054 2766 Serranus
1082 2708 1169 2783 (olim
1191 2708 1323 2767 Soranus
1344 2708 1535 2783 Atiliorurn).

200 2810 332 2868 Possunt
354 2808 486 2867 eiusdem
510 2807 627 2886 generis
644 2826 709 2866 esse
724 2826 802 2884 quae
817 2811 848 2867 in
862 2809 949 2868 fastis
964 2818 1033 2868 ante
1048 2812 1216 2886 Augustum
1232 2818 1262 2869 et
1275 2811 1355 2885 apud
1371 2811 1538 2886 scriptores

200 2922 355 2990 praeterea
375 2911 563 2986 reperiuntur
584 2929 679 2986 pauca
696 2911 806 2968 similia
824 2910 1072 2970 Caeliomontanus
1091 2910 1285 2971 Consentanea
1300 2909 1537 2972 'Cortttnuanas

202 3014 389 3090 Frepdlanus
412 3011 591 3087 Mugillanus
615 3011 775 3070 Tuditanus
794 3012 995 3072 Tusciuicanus
1014 3013 1168 3073 Vaticanus
1188 3015 1354 3073 Vibulanus.
1392 3012 1454 3074 Sed
1476 3015 1536 3073 for·

201 3127 284 3175 tasse
305 3136 343 3173 ex
359 3121 442 3190 parte
457 3113 550 3172 indita
565 3122 636 3172 sunt
651 3115 687 3171 ab
702 3114 751 3186 iis,
774 3115 824 3191 qui
839 3114 934 3174 fastos
950 3126 1193 3192 composuerunt,
1217 3125 1250 3174 ut
1264 3136 1364 3175 veram
1379 3117 1536 3176 hominum

202 3219 345 3294 originem
362 3216 540 3288 indicarent3
564 3227 597 3274 ut
610 3217 741 3274 indicata
756 3225 801 3275 est
815 3218 919 3294 procul
935 3217 1025 3276 dubio
1039 3219 1070 3276 in
1086 3218 1123 3276 L.
1141 3218 1264 3295 Papiria
1280 3220 1462 3296 Iiepellana,
1485 3220 1536 3296 qui

204 3320 408 3382 Gracalrorum
427 3329 561 3396 tempore
576 3321 777 3378 disertissimus
793 3320 905 3378 traditus
921 3330 961 3378 cst
975 3339 1009 3378 en
1024 3319 1122 3392 Latio,
1146 3330 1179 3378 ut
1194 3318 1299 3380 Cicero
1315 3322 1357 3378 ait
1378 3321 1423 3397 (io
1439 3322 1535 3380 Bruto

202 3424 219 3500 ᾗ
238 3423 330 3497 170),
358 3433 388 3480 et
414 3422 444 3479 in
472 3422 504 3478 T.
527 3421 641 3479 Betutia
663 3423 762 3479 Burro
784 3422 930 3479 Asculano
954 3420 1077 3498 (Cicero
1100 3422 1210 3480 ibidem
1233 3423 1250 3499 ξ
1272 3423 1361 3499 169).
1404 3424 1537 3501 Reliqua

202 3526 268 3584 eius
295 3524 414 3601 generis
441 3523 619 3602 cognomina
646 3524 814 3581 tenuiorum
840 3524 994 3583 hominum
1017 3534 1087 3583 sant
1109 3524 1223 3596 omnia3
1253 3525 1387 3600 plebeiae
1408 3528 1535 3605 originis

204 3629 293 3687 etiam
322 3635 476 3684 senatores
506 3624 593 3701 pauci
622 3625 672 3701 qui
699 3625 770 3684 dicti
794 3635 864 3684 sunt
892 3627 1034 3686 Cumanus
1060 3627 1234 3686 Hadrianus
1260 3627 1414 3704 Mefitanus
1438 3628 1536 3705 Temp-

202 3750 300 3790 sanus.
343 3727 387 3786 Ut
414 3747 432 3784 a
460 3727 595 3785 locorum
622 3727 873 3802 appellationibus
901 3728 1004 3798 ducta,
1033 3747 1109 3805 quae
1136 3739 1166 3787 et
1192 3731 1260 3807 ipsa
1286 3749 1345 3788 non
1367 3729 1536 3807 frequentia

204 3842 283 3904 sunt,
306 3831 399 3889 veluti
422 3831 569 3888 Fontanus
591 3830 747 3887 Montanus
769 3830 906 3904 Papanus
921 3831 1054 3906 Ripanus
1074 3832 1200 3890 ‘Vicanus
1221 3833 1364 3904 Urbanas,
1386 3833 1431 3891 ita
1444 3834 1535 3891 Bene·

203 3945 340 3994 centenus
355 3931 529 4003 Beneventi,
554 3932 704 3991 Caietanus
719 3930 859 4006 Neapoli,
884 3932 1047 4009 Campanus
1064 3931 1196 4009 Capuae,
1217 3934 1405 4012 Ilepellanus
1422 3935 1535 4011 Aquini

204 4046 233 4096 et
248 4037 330 4108 alibi,
345 4034 538 4092 Ilerculanius
553 4032 661 4104 Nolae,
676 4032 885 4110 Neapolitanus
899 4034 1039 4112 Neapoli,
1054 4034 1230 4095 Puteolanam
1242 4037 1387 4107 Puteolis,
1404 4037 1535 4097 Soranus

204 4141 313 4198 Atinae
335 4139 365 4195 in
381 4135 557 4211 Campania,
577 4137 757 4210 Venafranae
772 4137 932 4209 Marruuii,
955 4138 1025 4195 item
1041 4137 1204 4197 Cassitanus
1220 4135 1345 4216 Sagunti
1369 4157 1458 4198 verae
1478 4140 1536 4197 ori-

204 4244 283 4321 ginis
306 4239 479 4298 memoriam
502 4238 603 4314 aliqua
624 4237 740 4296 ratione
761 4232 890 4315 possunt
911 4257 1058 4299 servasse.
1100 4240 1183 4298 Idem
1206 4241 1286 4299 valet
1307 4241 1344 4298 de
1365 4242 1536 4300 nominibus

204 4349 235 4404 in
257 4342 422 4420 provinciis
442 4342 516 4399 satis
531 4340 748 4417 frequentibus,
770 4341 860 4399 veluti
882 4342 913 4400 in
927 4341 1085 4418 Hispania,
1104 4340 1270 4419 Campanus
1285 4343 1443 4403 Firnaunus
1460 4346 1537 4403 qu-

206 4450 299 4506 danus
314 4445 451 4504 Lucanus
470 4444 656 4501 Tusculanus.
694 4441 838 4503 Similiter
858 4444 1049 4502 indicandum
1073 4445 1137 4504 sine
1159 4445 1249 4504 dubio
1271 4446 1308 4504 de
1323 4446 1448 4505 Romani
1468 4466 1542 4526 cog·

206 4549 324 4608 nomine
346 4548 376 4605 in
397 4546 488 4605 Italia
509 4556 538 4603 et
563 4546 592 4602 in
614 4546 791 4623 provinciis,
814 4553 846 4603 ut
867 4544 1011 4617 vidimus,
1034 4565 1092 4605 nou
1115 4548 1272 4606 admodum
1294 4567 1379 4617 raro;
1406 4548 1550 4627 itemque

207 4653 243 4709 de
265 4650 444 4727 populorum
467 4647 653 4719 nominibus,
683 4647 774 4704 veluti
795 4647 956 4722 Africanus
979 4648 1142 4725 Campanus
1165 4649 1260 4726 (qaod
1282 4668 1340 4706 non
1364 4651 1542 4710 necessario

208 4754 246 4811 ad
273 4752 368 4812 solam
391 4749 525 4827 Capuam
552 4748 738 4807 referendum
761 4750 825 4823 est)
852 4748 1017 4808 Cassitanus
1041 4751 1218 4810 Fientranus
1243 4750 1403 4811 Cumanus
1425 4752 1545 4831 Hispa·

207 4875 260 4914 nus
283 4854 420 4913 Lucanus
442 4852 656 4909 Praetuttianus
676 4851 836 4927 Sequanae,
859 4869 985 4927 quorum
1005 4852 1163 4911 Germanus
1184 4853 1246 4912 fere
1268 4853 1398 4912 militnm
1421 4864 1536 4915 tantam

208 4965 263 5028 est,
286 4957 437 5031 Hispanus
459 4965 545 5012 extra
560 4953 738 5028 Hispaniam
760 4972 855 5030 paene
876 4955 1051 5014 inauditum.
1086 4953 1146 5015 Sed
1167 4973 1336 5032 quanquam
1358 4955 1452 5017 etiam
1470 4974 1535 5035 cog·

210 5059 330 5117 nomina
351 5057 404 5116 illa
425 5056 583 5115 coniuncta
602 5056 697 5114 luisse
717 5055 818 5131 aliqua
837 5057 953 5115 ratione
975 5076 1041 5115 cum
1056 5057 1170 5134 origine
1184 5057 1287 5134 negari
1301 5058 1417 5137 nequit,
1437 5067 1531 5119 umen

210 5167 320 5219 certum
343 5159 407 5218 eius
429 5158 569 5217 indicium
592 5176 778 5234 nequaquam
800 5158 967 5233 proferants
1430 5172 1441 5203 ⁰
